2654 4740
291 667 927 826 PRAEFATIO.

125 940 281 1114 QUAS
300 999 389 1072 olim
408 995 548 1071 diverso
564 995 790 1094 temporibus
806 995 1094 1072 Commentatio-

125 1131 194 1181 nes
210 1107 475 1206 Philosophicas
490 1107 530 1179 in
547 1106 739 1211 Academia
757 1107 869 1202 patria
884 1105 1091 1194 edideram,

127 1243 207 1307 eas,
230 1219 403 1310 quoniam
424 1216 576 1290 subinde
595 1243 617 1289 a
634 1241 696 1290 me
713 1216 845 1314 lingula
867 1216 1008 1289 illarum
1030 1237 1095 1286 ex·
1185 1306 1197 1323 η

125 1327 251 1422 empla
261 1321 507 1422 postulantur,
531 1353 690 1422 quorum
702 1329 801 1399 nulla
814 1325 903 1399 mihi
915 1325 1019 1422 copia
1032 1323 1092 1398 su·
1200 1318 1210 1343 ²

123 1436 262 1531 perell,
287 1445 403 1508 unum
428 1437 467 1508 in
486 1438 659 1510 volumen
682 1431 873 1523 collatus,
898 1435 1028 1506 iterum
1053 1433 1092 1504 in

125 1545 321 1640 publicum
345 1544 507 1617 emittere
529 1544 677 1618 decrevi.
704 1543 825 1650 Quod
850 1567 896 1615 err
918 1565 996 1637 quo
1018 1540 1093 1636 pri·
1115 1573 1123 1592 ·

126 1677 236 1726 mum
255 1654 441 1726 confilium
459 1653 557 1751 cepi,
579 1653 815 1727 constitutum
825 1671 971 1726 metum
984 1648 1092 1722 habe·

125 1761 238 1854 bam,
262 1761 404 1862 fingulir
427 1763 801 1836 commentationibus
823 1759 855 1838 tt
875 1759 1093 1836 Adnotatio·

125 1895 194 1946 tter
213 1873 404 1966 quasdam,
428 1869 480 1958 lt,
501 1869 613 1944 ficubi
630 1861 869 1944 commodum
888 1868 1091 1956 videretur,

126 1981 312 2056 uberiores
332 1973 503 2082 inap'truc
523 1977 555 2051 lc
576 1980 749 2074 epimetra
768 1977 930 2052 adiicere.
958 1978 1091 2066 Nune,

125 2113 169 2163 re
195 2091 326 2162 iterum
347 2085 541 2186 pensitati,
567 2087 641 2160 aliis
660 2085 862 2184 praesertim
882 2087 1091 2183 occupatio·

126 2201 238 2272 nibus
251 2197 440 2290 distrillus,
461 2201 565 2274 satius
579 2201 756 2287 iudicatu·
773 2197 926 2271 lludiose
938 2195 1089 2292 quidem

123 2311 339 2409 recognitae,
353 2333 532 2387 caeterum
545 2311 657 2407 qualit
667 2311 741 2385 fere
751 2311 838 2386 olim
850 2333 970 2384 earum
983 2333 1089 2405 quae·

124 2445 203 2515 que
221 2419 382 2516 primum
401 2420 605 2518 prodiillet,
632 2422 754 2518 paucis
776 2413 980 2497 admodum
1003 2441 1090 2492 ruub

124 2531 230 2620 tatis,
256 2533 438 2605 nonnullir
457 2557 551 2628 quae
572 2533 729 2606 maxime
751 2534 790 2606 in
810 2549 960 2630 promtu
983 2529 1090 2604 nobit

124 2655 229 2714 erant
239 2635 404 2732 adiecto,
417 2643 492 2715 aliis
504 2643 721 2738 quibusdam
735 2627 797 2735 (in
807 2636 923 2740 primi
932 2640 1089 2713 maxime

124 2751 457 2850 commentatione)
466 2749 619 2844 resellis,
632 2752 819 2846 exhibere,
836 2751 1089 2847 iudiciumque

123 2861 309 2960 integrum
325 2858 466 2936 lelluris
479 2863 697 2960 permittere.
1063 2883 1076 2930 4

174 2968 272 3044 Illud
281 2969 434 3068 quidem
444 2969 1089 3070 nonerubescoproliteri,pollquam

123 3077 250 3174 scripta
268 3081 329 3152 illa
348 3080 471 3152 denuo
487 3099 624 3155 attente
636 3083 790 3178 perlegi,
811 3082 926 3150 multa
938 3074 1090 3169 quidem

124 3187 166 3258 irr
186 3189 234 3260 eis
256 3211 317 3260 me
335 3187 518 3279 reperisse,
542 3211 636 3279 quae
657 3183 785 3258 rellius
810 3183 901 3274 diti,
924 3205 1089 3256 commo·
1157 3269 1161 3288 ‚

123 3295 280 3389 diurque
292 3309 357 3366 aut
370 3292 534 3366 subtilius
549 3291 713 3388 explicari
728 3290 921 3389 potuissent
929 3319 941 3382 ς
955 3291 1014 3367 sed
1028 3295 1087 3368 vel

121 3403 172 3476 [ιε
187 3401 278 3473 mihi
290 3399 407 3474 visum
420 3399 507 3492 elle,
529 3403 609 3500 poll
622 3401 728 3474 miror
739 3402 940 3499 praesertim
957 3403 1034 3474 illos
1047 3402 1087 3476 in
1140 3425 1144 3432 ·

124 3513 316 3586 Germania
324 3531 456 3604 motus,
468 3515 544 3608 qul,
554 3539 600 3587 ex
610 3537 686 3612 quo
696 3514 951 3610 haecprimum
961 3513 1086 3608 scriptu

122 3621 247 3710 fuere,
269 3625 463 3696 universam
483 3625 730 3724 Philosophiae
746 3623 875 3696 faciem
891 3623 1087 3697 rationem-

124 3757 203 3830 que
221 3733 444 3810 immutaturi
464 3735 703 3821 videbantur,
722 3749 905 3831 repertum
922 3732 965 3807 iri
980 3733 1085 3810 viros

124 3842 383 3944 philosophos,
416 3845 482 3942 qui
513 3843 600 3918 haec
630 3845 771 3938 nolin,
809 3844 1086 3947 qualiacumque
