2662 4742
259 407 318 456 120
356 383 691 454 ssutsunnnun
716 377 1121 482 rmtosortncnnuu

256 554 306 600 ees
329 533 371 598 sui
394 549 512 617 partes,-
532 545 644 614 tnsque
663 527 836 612 qualitates,
856 547 933 610 quae
950 545 1023 612 pree
1039 525 1171 590 caeteris
1189 527 1223 590 in

256 627 369 692 iensun
384 630 512 705 cadunt,
528 644 679 709 tamquam
692 645 745 708 per
758 623 838 708 ligne
850 625 1013 708 quaedem,
1029 623 1063 688 dt
1074 621 1223 689 converti

255 722 335 806 quad
351 723 388 784 ad
404 740 462 784 nos
476 719 636 795 oratione,
658 735 792 785 naturam
808 713 889 780 suant
905 714 1078 780 interiorem
1095 715 1128 778 u
1142 735 1222 798 que-

254 816 353 880 litates
371 835 389 880 a
410 812 491 878 sensu
511 812 662 897 praesente
682 829 812 878 remotas
831 809 921 874 nobis
943 808 1108 892 ngtnficare
1126 825 1222 892 atque

255 911 403 976 declotzne
413 903 580 976 videantur.
597 908 694 990 Quod
706 905 727 969 fi
738 908 846 990 igitur,
860 905 909 972 vel
919 903 984 985 ipso
993 905 1223 984 experimento,

254 1005 307 1068 vel
316 1005 374 1068 alid
385 1007 512 1090 quadarn
523 1005 640 1068 ratione
654 1001 771 1078 edoni,
784 1001 841 1062 iam
852 996 1061 1080 intelligimus,
1075 996 1141 1060 vitn
1151 1013 1221 1060 eant

254 1115 345 1182 atque
354 1099 494 1162 tirtutent
504 1143 515 1176 ,
526 1115 652 1180 quarunt
667 1092 783 1176 singnis
796 1093 922 1156 externis
933 1091 1012 1174 spent
1023 1091 1223 1176 opinionem·

254 1210 315 1278 qne
329 1209 577 1272 conceperamus,
594 1189 685 1256 rebus
698 1187 757 1252 illis
773 1184 965 1262 nonnulle,
983 1201 1046 1248 tuot
1058 1205 1137 1250 vero
1147 1187 1223 1264 bes,

253 1303 405 1365 nntqtnnt
424 1302 544 1348 naturas
559 1287 701 1372 quasdam
717 1286 870 1358 nodaret,
890 1279 961 1345 salu
973 1280 1071 1365 specie
1084 1283 1174 1346 nobis
1186 1284 1222 1346 il·
1308 1286 1309 1340 l

254 1377 350 1444 lustffe
369 1385 601 1463 conquerimur,
621 1399 710 1466 atque
728 1380 803 1440 adeo
813 1378 931 1460 sellam
947 1397 1000 1444 eos
1017 1379 1223 1460 adpellnnust

254 1495 313 1559 pro
331 1494 396 1562 quo
412 1479 533 1560 quident
552 1477 693 1551 nontine,
708 1491 814 1538 notum
829 1473 892 1552 eli,
907 1474 937 1536 in
951 1474 1099 1536 hodiernis
1112 1474 1224 1556 linguis
1311 1500 1312 1530 t

254 1570 684 1647 identvocabulumttdltiberi,
697 1571 779 1651 quod
791 1566 1222 1652 latinorttmfalsnreipondet.
1312 1572 1314 1652 ζ

253 1663 288 1727 ln
307 1666 418 1753 quibus
434 1681 539 1732 contra
557 1663 646 1726 rebus
664 1663 720 1724 iarn
738 1661 1001 1742 deprehenduntur
1017 1679 1072 1726 eae
1086 1663 1223 1746 qualite·-

255 1773 318 1836 tcs,
331 1778 407 1842 quas
421 1757 616 1822 exterioribus
628 1757 804 1840 quibusdan
817 1754 931 1820 indiciis
941 1755 1120 1840 iignificetas
1130 1775 1223 1840 puta·

253 1853 359 1918 bantus
367 1877 379 1932 3
394 1853 447 1918 bnt
460 1875 536 1918 verat
548 1855 579 1916 in
589 1872 629 1915 eo
641 1869 768 1936 genere,
784 1852 822 1915 ad
837 1851 919 1934 quod
934 1851 995 1916 illes
1006 1851 1100 1914 datin
1116 1853 1224 1916 retuli-

122 1953 127 1964 '
254 1969 342 2026 ntus,
358 1951 386 2012 dt
398 1954 516 2036 fineem
532 1949 730 2032 adpellamus‚
753 1967 786 2012 ut
799 1966 881 2031 quae
895 1967 957 2012 non
973 1947 1080 2012 ferient
1095 1947 1222 2029 fucutn,

254 2057 353 2121 neque
362 2042 443 2106 vend
453 2041 547 2126 specie
559 2060 611 2106 aut
623 2042 712 2124 signis
723 2039 873 2104 fallacibus
885 2038 1039 2122 speunori
1050 2042 1221 2124 imponant.

295 2133 353 2196 Vl.
370 2135 413 2197 Ex
428 2133 566 2216 hisquae
583 2133 682 2197 adhuc
695 2135 732 2196 de
747 2133 834 2196 vatio
849 2131 904 2197 usu
920 2133 1009 2198 buius
1024 2135 1128 2208 verbi,
1150 2137 1223 2201 Veri·

175 2258 178 2268 ·
254 2227 339 2302 tarn,
357 2228 390 2294 dt
403 2227 436 2288 vi
453 2227 481 2292 ei
496 2225 646 2306 subiedli,
664 2227 743 2290 dille
759 2225 843 2303 sunt,
861 2227 945 2292 facile
958 2243 1058 2312 petet3
1078 2249 1145 2312 quo
1161 2249 1223 2295 va-

253 2323 313 2390 lent
328 2324 377 2400 id,
393 2323 476 2406 quod
491 2323 528 2384 de
546 2324 665 2386 tremate
682 2325 876 2406 Notionnnque
891 2324 1020 2386 veritate
1034 2340 1085 2387 aut
1096 2324 1221 2394 tatione

253 2413 377 2480 subinde
394 2415 571 2497 disputatum
591 2433 610 2476 a
630 2411 812 2498 philosophis
831 2413 967 2498 legimus.
992 2415 1110 2480 Scilicet
1127 2417 1221 2494 ideis,

253 2511 306 2572 vel
326 2509 499 2576 notionibus
518 2511 690 2580 boninum,
714 2509 803 2574 tribui
823 2511 945 2576 Veritas
964 2509 1120 2595 dupliciter
1138 2513 1222 2580 soler.

253 2599 383 2666 Priorum
397 2603 475 2666 eninr
490 2601 632 2666 notiones
644 2601 759 2666 nostras
769 2601 809 2666 ita
822 2604 871 2667 vel
881 2625 959 2666 was
967 2601 1043 2680 else,
1056 2605 1218 2686 velsalsaes,

253 2693 383 2772 voiono,
399 2694 420 2758 n
435 2696 481 2758 tel
493 2697 629 2759 detortis
643 2717 726 2760 nrm
738 2717 851 2773 mua,
868 2696 920 2763 vel
933 2721 986 2761 mn
1002 2701 1112 2774 demur,
1130 2702 1220 2768 tes&

253 2789 370 2864 uuna,
387 2807 467 2876 quae
482 2805 614 2864 vocant,
630 2815 698 2874 puae
711 2791 777 2854 idcir
794 2809 873 2856 unse
888 2796 1019 2880 conceptis
1032 2797 1220 2879 respondeant.-

253 2897 324 2959 eut,
340 2880 363 2946 fi
377 2881 575 2962 conveniant,
589 2883 641 2948 vel
655 2903 716 2948 non
732 2885 930 2963 conveniant,
945 2887 1086 2952 notiones
1097 2907 1167 2952 cum
1184 2891 1220 2953 iis

253 2975 366 3052 rebus,
381 2976 417 3038 ad
432 2993 508 3058 quas
523 2975 607 3053 illae,
623 2995 661 3042 ex
680 2989 778 3044 neore
792 2977 856 3042 eius
870 2979 923 3061 qui
936 2979 1054 3044 eetdetn
1069 2981 1216 3066 concipit,

252 3067 436 3136 reseruntur.
457 3069 536 3154 Quo
549 3070 658 3155 pado,
673 3073 744 3160 quie
760 3071 798 3135 de
816 3073 1028 3138 convenientia
1041 3075 1092 3138 vel
1108 3077 1220 3141 discre-

252 3163 463 3248 procingitur
477 3166 635 3230 notionum
649 3165 834 3244 nostratum,
853 3185 943 3251 atque
955 3189 1055 3235 retum
1066 3190 1143 3254 ques
1154 3173 1220 3236 illae

246 3252 385 3337 ‚speciant
392 3276 405 3334 3
418 3259 515 3321 ontnis
524 3257 594 3336 itta,
608 3260 644 3322 de
654 3260 755 3342 logice
764 3265 871 3326 venem
881 3259 1076 3346 velfitlfitate,
1087 3263 1220 3350 quaestio

253 3345 307 3410 eil.
323 3345 556 3431 Quamquident
566 3349 783 3432 quaestionem,
793 3352 992 3434 pulmonem,
1003 3355 1039 3415 ed
1050 3350 1220 3420 solaittditie

252 3441 365 3506 nentis
380 3455 473 3523 atque
492 3438 668 3517 sententias,
686 3461 749 3507 non
766 3443 839 3505 item
860 3443 895 3504 ed
915 3445 1056 3509 notiones
1072 3446 1105 3510 dt
1125 3451 1222 3524 inens,

254 3529 339 3616 poss'e
349 3533 515 3616 pertinere3
527 3535 565 3606 ii,
578 3553 646 3598 cunt
659 3536 761 3599 verbis
770 3534 921 3602 dilientire
935 3538 1096 3604 videentut
1108 3542 1222 3618 abbis,

252 3622 358 3705 quide
375 3625 508 3690 mium
525 3625 612 3692 etiam
631 3629 947 3711 conmonuemus,
967 3649 1001 3694 re
1018 3630 1078 3716 ipsa
1095 3632 1243 3702 consen·'

255 3715 345 3780 tiunt.
362 3717 440 3782 Natn
452 3739 550 3803 neque
560 3719 588 3784 bi
598 3765 609 3800 ,
619 3720 650 3784 in
661 3722 835 3792 notionibus
844 3725 926 3808 perse
930 3727 1055 3810 [pellatis
1066 3727 1221 3790 veritatem

255 3823 422 3894 quenunt,
435 3812 482 3880 sed
494 3817 523 3876 in
535 3809 583 3880 bis
595 3818 633 3880 ad
642 3838 681 3880 m
694 3835 746 3884 ens
760 3817 866 3895 nutis,
887 3837 967 3906 quae
979 3819 1033 3884 illis
1044 3820 1222 3906 respondere
