2662 4742
299 391 340 460 na
526 390 597 458 DE
623 387 789 456 SENSU
819 387 1042 455 MORALL

298 559 334 607 nt
352 555 509 624 pareamus
536 536 627 600 fimus
644 537 777 619 obligati.-
805 535 910 600 starum
931 527 1048 620 quidem
1079 541 1265 610 enunciatio-

299 655 372 702 nunt
395 653 455 699 non
475 634 532 698 alid
550 634 665 719 ratique
679 634 790 696 vetitae
808 631 944 709 constat,
964 633 1057 698 immo
1074 655 1137 700 non
1150 640 1207 703 alia
1218 661 1264 704 ea.

216 773 220 778 -
298 741 366 798 ium
386 731 433 794 vis
449 727 494 792 ess
515 747 603 812 atque
622 725 784 801 sententia,
803 727 873 803 niu,
891 727 974 811 quod
991 749 1140 814 -quum
1161 735 1264 799 videa·

298 843 384 902 mus,
403 841 500 909 neque
518 841 597 901 nos,
617 838 714 906 neque
728 819 820 885 nosin'
833 819 959 896 ssmiles,
977 824 1157 906 xquibuscum
1180 831 1262 892 vivi.

298 939 385 998 ntus,
405 915 462 983 esse
479 917 616 983 auuores
629 913 726 980 sensus
745 916 821 980 illius
836 916 974 994 mueaiie‚'
988 917 1094 995 idest,
1107 922 1262 989 tribunalis

298 1015 377 1079 illius
396 1014 425 1077 in
447 1012 567 1096 pedore
579 1009 733 1074 hominum
754 1007 921 1086 constituti,
941 1028 1037 1096 equo
1055 1009 1141 1076 simui
1158 1017 1197 1080 de
1213 1016 1261 1082 sua

298 1111 461 1192 cuiusque,
474 1106 561 1170 fimus
579 1105 617 1169 de
629 1105 759 1169 aliorum
779 1103 951 1181 boninum,
971 1105 1075 1190 agendi
1088 1109 1207 1174 atione
1219 1101 1262 1176 iu.'

298 1202 410 1266 dicium
430 1198 596 1277 senur,-
609 1197 686 1261 hane
699 1195 790 1280 ipsam
809 1192 957 1259 humanae
977 1215 1101 1263 naturae
1118 1201 1262 1268 constitu.

283 1289 410 1359 'donem
420 1287 733 1374 reserrecogamurad
745 1288 836 1352 alium
855 1288 1012 1372 quemdam
1021 1290 1208 1372 Auderem,
1229 1297 1262 1361 ad

297 1389 375 1456 Eunu
386 1387 471 1452 euius
480 1389 512 1448 vi
521 1402 612 1469 atque
621 1383 750 1468 benigno
758 1381 1074 1466 numinensuptemis
1083 1392 1263 1456 omnishaec

91 1502 97 1513 ·
216 1537 218 1545 Α
297 1497 399 1544 tetum
418 1475 597 1541 universitas
613 1475 776 1539 constituta
788 1472 845 1538 effe
858 1491 948 1558 atque
964 1477 1027 1560 regi
1044 1479 1262 1567 gubernarique

297 1574 449 1652 videatur,
468 1590 557 1656 quen
577 1585 699 1634 nauta
715 1567 940 1652 compellamus.
968 1569 1074 1635 Cuius*
1087 1572 1263 1660 fimulatque

298 1668 454 1730 notionem
470 1665 547 1728 hane
564 1663 707 1745 cepimus,
719 1661 779 1726 stne
793 1659 942 1745 ipsoEun
954 1665 1074 1728 nomine
1086 1667 1262 1746 colendum,
1316 1731 1317 1744 ,

297 1759 497 1835 dotandum,
517 1773 607 1840 aeque
625 1753 705 1820 iuffis
722 1755 793 1819 Eius
811 1755 972 1840 parendum
994 1767 1151 1839 putamus,
1182 1765 1260 1846 quod

297 1850 353 1916 iile
371 1851 426 1928 sit,
450 1869 511 1914 non
525 1850 622 1914 solunt
641 1849 680 1913 ad
698 1865 809 1932 quem,
825 1863 862 1912 ut
882 1850 1005 1932 primane
1022 1851 1152 1916 atessam
1173 1875 1261 1941 atque

297 1939 413 2007 sontem
433 1944 466 2009 de
484 1942 632 2007 summum
654 1943 828 2025 Exemplar,
847 1943 991 2026 quidquid
1016 1947 1103 2010 nobit
1122 1967 1142 2012 a
1159 1970 1262 2016 natura

298 2039 541 2103 commendatum
554 2039 615 2118 esi,
632 2037 668 2102 ste
682 2037 891 2114 referendum
912 2038 960 2103 sed
975 2042 1110 2120 etiam‚a
1128 2065 1212 2130 quo,
1223 2047 1263 2110 si·

299 2131 362 2195 unul
378 2151 448 2196 eum
461 2135 584 2198 caeteris
598 2134 729 2199 sensibus
741 2135 932 2217 viribusque,
946 2136 1053 2218 quibus
1066 2137 1170 2204 sumus
1184 2161 1261 2205 ana·

298 2235 367 2287 inea
384 2223 533 2304 instrasti,
546 2225 605 2308 ipse
621 2225 718 2290 sensus
735 2227 784 2289 ille
797 2226 931 2290 officii&
946 2228 1139 2312 obligationis
1156 2229 1195 2295 fit
1212 2253 1261 2296 na·

300 2335 385 2382 tutae
404 2318 521 2382 noune
537 2318 666 2395 insinua,
682 2336 745 2402 quo
758 2323 896 2383 neritum
913 2322 1122 2410 dignitasque,
1141 2343 1193 2390 aut
1203 2329 1262 2392 eul-

298 2425 336 2494 pn
350 2409 382 2474 du
398 2409 573 2492 indignitas,
599 2411 630 2474 in
650 2409 817 2476 asiionibus
834 2411 989 2478 hominum
1006 2415 1174 2504 agendique
1194 2437 1261 2486 cun·

297 2507 373 2573 siliis
386 2507 572 2576 diiudicatur.
