2654 4740
268 361 329 460 ,l
547 344 1015 483 iniurir1o

301 562 374 636 que
393 519 499 616 etiam
517 543 580 638 ipsi
601 535 685 615 cuin
705 567 750 614 eo
770 542 1030 636 colloquimur,
1051 555 1190 614 certum
1205 541 1255 612 est

299 655 448 748 utique,
464 657 581 732 colores
589 654 737 749 quidem
747 653 921 748 quoidam
930 653 961 726 ic
960 659 1113 751 figurem
1124 677 1256 746 quarn-

192 821 197 832 .
302 757 386 832 daur
412 763 444 834 Sc
470 763 598 832 artium
622 761 943 834 conformationem
970 775 1190 853 motumque
1216 757 1257 829 in

301 871 425 940 oculos
436 870 570 941 nostros
578 871 777 958 incurrere,
794 871 941 966 ausones
958 869 1136 964 quosdam
1151 891 1257 940 aureo
1295 891 1297 898 ’

300 979 403 1052 ferire
421 981 567 1068 nostram
589 981 650 1051 sed
670 982 772 1090 ispum
790 982 966 1056 hominem,
990 980 1054 1073 qui
1070 1004 1113 1050 eo
1128 979 1177 1048 est
1192 1002 1256 1050 co·

299 1093 394 1178 lore,
419 1089 460 1164 eii
480 1088 610 1188 figuti,
643 1093 707 1186 qui
725 1092 790 1165 illo
811 1091 924 1164 modo
943 1109 1039 1162 artus
1055 1089 1134 1162 suos
1152 1113 1258 1162 com·

301 1219 447 1291 movet,
462 1201 526 1295 qui
539 1202 618 1272 illos
630 1203 733 1274 sonos
744 1201 839 1287 edit,
853 1203 968 1274 necin
978 1199 1133 1294 corporis
1143 1198 1258 1306 nostri

299 1306 438 1379 sensum
459 1308 656 1395 incurrere,
675 1333 742 1380 nec
760 1309 902 1380 interno
920 1309 982 1380 illo
1000 1306 1101 1379 sensu
1115 1333 1135 1381 a
1147 1307 1258 1378 nobie

299 1419 455 1511 percipi,
482 1444 558 1513 quo
568 1420 609 1514 se
629 1419 730 1520 ipsum
750 1420 905 1512 quisque
924 1418 1113 1518 cognoscit
1138 1416 1188 1490 At
1200 1417 1264 1524 ni·-

300 1527 431 1600 mirum
447 1531 495 1600 ita
513 1556 531 1600 a
546 1548 668 1602 natura
682 1529 864 1605 constituti
877 1529 1015 1615 sumus,
1029 1544 1071 1598 ut
1085 1549 1161 1600 non
1175 1527 1259 1622 pos·

302 1631 408 1712 fimus
422 1665 496 1712 non
512 1641 711 1734 persuasum
725 1641 875 1727 habere,
892 1662 1020 1732 corpur
1037 1638 1130 1710 illud
1144 1639 1257 1710 nostri

301 1751 457 1843 corporis
469 1751 579 1822 simile
591 1777 611 1822 a
624 1769 746 1822 mente
761 1750 916 1845 quadum
928 1749 1031 1822 simili
1043 1749 1181 1820 nostrae
1190 1751 1258 1820 ha-

299 1855 422 1944 bitari,
443 1858 505 1927 hor
520 1873 614 1930 artus
632 1859 832 1930 nostrorum
850 1860 975 1930 similes
993 1858 1201 1932 intrinsecus
1219 1860 1258 1930 vi

298 1981 410 2056 atque
431 1965 662 2063 intelligentia
680 1970 940 2060 voluntateque
956 1967 1110 2038 hominis
1121 2017 1132 2054 ,
1145 1968 1258 2039 nostri

298 2075 417 2144 fimilis
427 2075 522 2172 ,regi
541 2078 822 2172 gubernarique:
815 2079 872 2146 ·8c
880 2076 1258 2171 ‚siquandoaccidig

299 2196 345 2250 ut
356 2205 443 2252 vana
454 2183 566 2274 specie
576 2183 767 2254 nosrllusos
778 2183 1130 2277 deprehenderimus,
1141 2209 1259 2276 nunc,

300 2289 365 2359 ubi
384 2289 434 2358 sor
474 2313 488 2358 s
505 2313 549 2359 ex
563 2289 627 2358 illo
642 2315 703 2360 ore
717 2290 936 2384 prodeuntes
948 2317 1027 2364 non
1037 2293 1150 2366 modo
1170 2297 1262 2367 auri·

299 2397 372 2470 bus
392 2313 514 2470 anis
532 2400 771 2495 percipimus,
790 2427 916 2474 verum
933 2404 1040 2476 etiam
1054 2406 1128 2477 vim
1143 2422 1270 2521 atque?

300 2507 438 2580 sensum
462 2533 586 2580 eorum
610 2511 857 2610 intelligimus,
878 2514 1070 2586 &vicissim
1088 2513 1258 2586 videmur

299 2620 452 2690 alterurn
476 2643 516 2690 ea
538 2642 632 2712 quae
649 2619 700 2691 illi
720 2619 909 2717 significare
928 2623 1108 2694 voluimus
1124 2623 1260 2694 intelli·

300 2751 400 2826 gere,
412 2724 552 2800 &diuis
562 2729 682 2800 nostris
692 2730 922 2824 respondere
935 2750 1014 2806 tum
1024 2759 1107 2807 vero
1115 2735 1264 2845 prorius

299 2856 385 2909 cern
376 2837 535 2924 su,mus
549 2837 624 2910 fieri
641 2840 746 2932 plane
765 2863 841 2910 uon
862 2839 958 2934 pollo·
976 2857 1017 2912 ut
1035 2869 1055 2912 a
1074 2829 1264 2936 phantafia

297 2945 414 3018 nostra
428 2947 600 3021 fallamur
632 2949 685 3020 Ita
697 2949 757 3037 fit,
772 2968 814 3021 ut
827 2951 894 3050 ipsa
907 2971 1029 3024 norm
1017 2951 1136 3024 duce
1145 2956 1253 3051 ‚·sym

295 3060 461 3160 pathetice
477 3061 635 3153 quodam
643 3061 762 3156 sensu.
782 3061 868 3134 alios
886 3063 1049 3136 homines
1066 3079 1257 3157 tamquam

298 3173 398 3263 nostri
402 3171 532 3265 smiles
550 3193 625 3242 non
640 3171 754 3242 modo
772 3171 963 3269 cogitando
980 3171 1172 3268 fingemus,
1193 3173 1256 3244 sed

299 3282 533 3371 planeatque
547 3281 712 3373 liquido,
735 3281 808 3354 fine
830 3285 902 3352 ulla
925 3280 1160 3354 dubitationis
1182 3307 1259 3359 um·

170 3453 172 3456 .
299 3387 385 3474 bra,
406 3387 722 3484 cognoscamus..-

349 3497 464 3617 Quod
475 3497 615 3569 veroad
625 3500 799 3592 reliquam
811 3521 958 3570 omnem
970 3479 1077 3574 reruni
1090 3527 1257 3602 corporea·

299 3631 373 3678 rum
392 3603 655 3676 universitatem
673 3605 831 3694 adtinet,
855 3605 1038 3701 quidquid
1058 3608 1159 3682 sensu
1177 3632 1257 3682 cor·

296 3739 413 3811 poreo
432 3715 670 3811 percipimur,
696 3719 735 3790 id
759 3719 909 3812 quidem
933 3719 979 3790 ad
998 3745 1065 3792 rem
1083 3724 1257 3818 quondam

299 3839 501 3898 externam.
513 3825 545 3894 lic
562 3826 608 3906 ad
629 3825 722 3898 illius
744 3831 915 3906 atilionem.
942 3851 1015 3922 qua
1030 3823 1178 3912 sensatio
1196 3831 1258 3902 ilia
