2662 4742
291 409 341 500 ,ι
623 401 949 475 ursuusu

297 556 424 640 propius
436 551 525 639 paulo
541 552 768 618 consideremus
801 556 901 635 Atque
918 569 950 616 ut
968 553 1005 615 ab
1015 567 1122 616 eorum
1140 553 1265 619 ratlon'e

297 650 552 732 incipiamu53qui
566 649 596 710 in
611 649 740 723 hominis
757 648 902 730 cuiusque
914 667 965 729 per
980 645 1026 721 se,
1040 665 1092 710 aur
1103 649 1266 712 communi

297 747 449 822 omnium,
468 745 531 807 stre
546 743 619 806 veri
633 743 666 808 dt
684 741 777 805 liabili
796 738 958 820 felicitate,
980 743 1042 806 sive
1060 741 1266 825 perieulum,

297 835 490 923 praeliandi,
506 835 656 920 augenda,
667 836 793 910 menda,
808 835 993 900 eonllituunt
1006 836 1120 898 morale
1131 839 1267 899 bonum:

298 933 446 1016 quianon
466 932 562 1008 videt,
581 949 647 993 eam
666 949 746 1004 rem,
766 949 854 1014 quam
880 949 971 994 verae
992 931 1025 994 dr
1040 929 1148 994 liabilie
1166 933 1267 992 Felici·

298 1027 385 1100 raris,
401 1044 490 1109 quam
509 1023 676 1106 chiidionir
692 1023 813 1089 nomine
828 1025 1034 1108 intelligimus,
1051 1043 1218 1106 numquam
1233 1026 1265 1088 in

299 1127 391 1211 ipsum
409 1126 537 1190 hominis
560 1123 671 1188 sensum
690 1121 783 1185 ullum
804 1119 953 1194 incidlffe;
972 1119 1018 1184 sed
1036 1119 1093 1183 esse
1108 1139 1146 1184 ex
1161 1139 1266 1183 earum

299 1241 406 1306 genere
419 1239 520 1284 rerum
531 1263 541 1294 ,
552 1218 588 1280 ad
605 1237 729 1301 quarum
743 1215 893 1278 notionem
905 1213 1030 1296 aliquam
1042 1227 1265 1296 quamcumque

298 1317 388 1378 uobis
404 1313 617 1378 informandam
633 1328 693 1374 non
711 1309 764 1371 nist
782 1310 870 1372 variis
884 1306 1141 1372 observationibus
1164 1309 1267 1391 singu·

299 1409 411 1474 laribus
425 1409 454 1470 in
472 1427 561 1472 unam
577 1407 719 1470 summam
738 1403 889 1480 collediis,
908 1403 1038 1466 adhibiti
1054 1403 1264 1466 collatione&

300 1499 487 1569 diatiufflone
507 1501 651 1575 rationis,
673 1515 762 1582 arque
781 1497 934 1579 analogici
953 1497 1099 1559 iudicandi
1121 1497 1192 1572 vid,
1215 1497 1266 1558 ad·

300 1591 439 1659 suenum
455 1595 540 1655 liceat
552 1590 564 1653 i
576 1623 619 1641 -
647 1591 726 1654 Num
745 1609 818 1672 ergo
838 1610 920 1667 rem,
939 1609 1018 1673 quae
1035 1589 1111 1654 nulli
1130 1589 1265 1664 humano

299 1685 393 1750 sensui
410 1704 569 1750 occurrere
588 1683 700 1768 poteli,
722 1685 754 1746 er
773 1685 860 1747 cuim
881 1683 1052 1758 notionem,
1072 1701 1202 1768 eamque
1215 1683 1265 1746 ad·

300 1779 423 1842 modum
444 1777 561 1859 quidem
592 1777 716 1839 debilem
737 1776 768 1840 dr
787 1795 893 1858 vagam
911 1795 947 1840 ac
970 1777 1024 1842 vix
1037 1775 1262 1854 adumbratam,

299 1889 361 1936 uon
385 1869 440 1934 nili
465 1871 588 1935 rationis
612 1870 772 1936 collatione
794 1872 826 1935 dr
849 1869 1007 1953 analogieo
1034 1869 1150 1935 iudicio
1174 1889 1264 1950 cape-

300 1982 335 2030 re
351 1985 436 2030 mena
454 1965 582 2028 hominis
600 1965 701 2040 valet,
722 1965 849 2028 banc-ne
865 1962 905 2026 ira
923 1961 1015 2024 sensui
1033 1961 1153 2024 cuidam
1173 1960 1263 2026 subie-

301 2057 378 2121 flam
395 2055 494 2120 lacere
515 2057 709 2134 audebimus,
733 2073 768 2120 ut
788 2075 850 2120 non
870 2057 961 2118 modo
983 2055 1072 2140 ipsius
1091 2057 1133 2118 tei
1159 2058 1262 2120 notio-

301 2167 388 2226 nem,
402 2147 450 2210 led
467 2150 498 2210 dr
515 2148 597 2212 srmul
621 2147 769 2211 adilonum
791 2147 987 2212 humanatum
1007 2147 1122 2212 cursum
1142 2149 1263 2210 adeam

301 2259 366 2306 rem
393 2243 576 2306 efficiendam
605 2243 892 2326 complendumque,
918 2243 981 2306 five
1003 2239 1194 2305 minuendam
1214 2257 1263 2304 aut

302 2335 513 2408 evertendam,
542 2333 595 2418 ipst
615 2335 783 2397 immediato
809 2333 902 2398 sensui
928 2353 1028 2419 patere
1053 2335 1262 2398 dicamus?-

302 2427 454 2494 Nimirum
478 2428 537 2490 linc
559 2445 615 2491 not
629 2429 746 2511 quidem
767 2447 866 2512 neque
879 2429 1086 2493 comendimus
1097 2445 1150 2492 aur
1168 2429 1264 2511 posci·

303 2539 391 2598 mur,
408 2539 530 2604 neque,
548 2519 571 2582 fi
587 2519 667 2584 ultro
684 2519 791 2598 detur,
810 2540 867 2585 noa
886 2541 1059 2605 accepturos
1078 2521 1263 2606 profitemur.

301 2615 358 2680 Sed
380 2618 410 2679 itt
429 2616 498 2678 illud
513 2615 610 2699 ipsum
629 2615 851 2681 incommodum
880 2635 917 2679 ne
938 2614 1047 2680 incidat
1068 2617 1111 2692 ia,
1128 2618 1182 2698 qui
1204 2618 1260 2681 iam

300 2708 496 2787 concesserit,
515 2713 634 2776 Boni&
652 2713 721 2776 mali
739 2713 858 2776 moralis
876 2713 1094 2777 distindionenr
1117 2713 1198 2780 nulle
1214 2731 1261 2775 ra·

302 2804 387 2868 tione
399 2803 518 2870 delendi
536 2804 634 2890 posse,
659 2804 711 2868 nist
732 2807 767 2869 ad
783 2803 879 2870 sensus
896 2807 1016 2869 moralis
1033 2806 1176 2870 iudicium
1193 2805 1263 2869 rele-

301 2913 404 2972 ratur;
416 2895 524 2961 iterum
536 2900 653 2962 tandem
670 2897 773 2962 &boc
789 2897 946 2983 agnoscat,
959 2899 1185 2962 enunciationee
1197 2900 1260 2974 har,

302 3011 381 3075 quae
408 2993 439 3056 in
459 2994 612 3057 bominum
631 2993 781 3060 Felicitate
805 3012 858 3059 aut
881 2992 1064 3064 Persediione
1092 2995 1260 3078 praestanda

301 3085 420 3149 Bonum
436 3105 526 3150 omne
543 3087 656 3153 morale
673 3086 762 3151 inelse
779 3090 993 3172 pronunciant,
1007 3105 1070 3150 non
1083 3087 1137 3150 nist
1154 3089 1196 3150 ita
1209 3107 1260 3169 pro
1320 3166 1321 3178 ἵ

303 3181 381 3243 vetis
394 3179 452 3244 effe
474 3181 640 3260 habendas,
660 3201 808 3266 quatenus
828 3183 982 3246 monlltari
1001 3181 1106 3264 podir,
1126 3182 1185 3246 effe
1203 3183 1261 3244 illas

302 3289 341 3334 ex
356 3271 475 3352 fiuqulia
485 3277 689 3340 notationibus
708 3293 797 3358 atque
813 3275 1072 3340 observationibus
1085 3275 1260 3357 singularum

303 3357 401 3424 sensus
424 3365 542 3428 moralis
563 3367 825 3441 commotionum,
848 3366 1076 3449 &ungularum
1096 3367 1260 3443 allionum,

303 3473 381 3542 quae
402 3453 517 3518 seersum
538 3457 617 3521 hunc
634 3477 755 3522 movere
770 3457 899 3536 soleant,
916 3461 1034 3539 duliae,
1055 3479 1094 3526 ex
1108 3463 1203 3545 iisque
1216 3463 1261 3524 vel

302 3569 358 3632 per
373 3551 575 3633 completam,
596 3569 630 3616 ut
652 3553 752 3629 aiunt,
774 3553 991 3633 indudiionem,
1017 3556 1067 3622 vel
1083 3575 1138 3640 pet
1161 3555 1260 3620 lusiam

304 3645 472 3728 analogiam
490 3633 639 3710 colle‘dias.

344 3738 399 3802 lx.
419 3739 538 3806 Scilicet
551 3743 602 3826 qui
617 3743 647 3807 se
660 3741 833 3830 sensumque
846 3744 930 3808 suum
947 3744 1048 3820 noffe,
1070 3748 1103 3810 dr
1117 3761 1262 3831 quatenus

169 3917 176 3934 ι
304 3827 335 3904 se
353 3830 485 3914 quidque
499 3835 627 3921 adtingat
645 3836 677 3902 dt
691 3837 728 3902 ad
746 3837 776 3904 se
791 3839 937 3924 pertineat
955 3839 1181 3926 circumspicere
1194 3857 1261 3904 eoe-
