<?xml version="1.0" encoding="UTF-8"?>
<!DOCTYPE html PUBLIC "-//W3C//DTD XHTML 1.0 Transitional//EN"
    "http://www.w3.org/TR/xhtml1/DTD/xhtml1-transitional.dtd">
<html xmlns="http://www.w3.org/1999/xhtml" xml:lang="en" lang="en">
 <head>
  <title>
</title>
<meta http-equiv="Content-Type" content="text/html;charset=utf-8" />
  <meta name='ocr-system' content='tesseract 3.04.00' />
  <meta name='ocr-capabilities' content='ocr_page ocr_carea ocr_par ocr_line ocrx_word'/>
</head>
<body>
  <div class='ocr_page' id='page_1' title='image "./opusculaacademi00schwgoog/opusculaacademi00schwgoog_0374.png"; bbox 0 0 2692 4730; ppageno 0'>
   <div class='ocr_carea' id='block_1_1' title="bbox 286 372 1102 512">
    <p class='ocr_par' dir='ltr' id='par_1_1' title="bbox 286 372 1102 512">
     <span class='ocr_line' id='line_1_1' title="bbox 286 372 1102 512; baseline 0.002 -28"><span class='ocrx_word' id='word_1_1' title='bbox 286 373 757 484; x_wconf 55' lang='lat' dir='ltr'>&#39;resument</span> <span class='ocrx_word' id='word_1_2' title='bbox 873 372 877 381; x_wconf 67' lang='grc'><strong>’</strong></span> <span class='ocrx_word' id='word_1_3' title='bbox 990 441 1102 512; x_wconf 47' lang='grc' dir='ltr'>ινςγ</span> 
     </span>
    </p>
   </div>
   <div class='ocr_carea' id='block_1_2' title="bbox 80 563 1099 1126">
    <p class='ocr_par' dir='ltr' id='par_1_2' title="bbox 80 563 1099 1126">
     <span class='ocr_line' id='line_1_2' title="bbox 80 563 1049 653; baseline 0.002 -23"><span class='ocrx_word' id='word_1_4' title='bbox 80 584 146 630; x_wconf 89' lang='lat' dir='ltr'>non</span> <span class='ocrx_word' id='word_1_5' title='bbox 159 565 323 652; x_wconf 76' lang='lat' dir='ltr'>seniores</span> <span class='ocrx_word' id='word_1_6' title='bbox 339 564 482 650; x_wconf 59' lang='lat' dir='ltr'>&#39;aliquem</span> <span class='ocrx_word' id='word_1_7' title='bbox 504 563 554 630; x_wconf 87' lang='lat' dir='ltr'>sed</span> <span class='ocrx_word' id='word_1_8' title='bbox 573 566 758 628; x_wconf 72' lang='lat' dir='ltr'>Gennaros</span> <span class='ocrx_word' id='word_1_9' title='bbox 777 565 962 649; x_wconf 81' lang='lat' dir='ltr'>intelligens3</span> <span class='ocrx_word' id='word_1_10' title='bbox 986 588 1049 653; x_wconf 91' lang='lat' dir='ltr'>po·</span> 
     </span>
     <span class='ocr_line' id='line_1_3' title="bbox 82 659 1049 745; baseline 0.004 -21"><span class='ocrx_word' id='word_1_11' title='bbox 82 661 207 745; x_wconf 83' lang='lat' dir='ltr'>pulum,</span> <span class='ocrx_word' id='word_1_12' title='bbox 226 661 309 723; x_wconf 76' lang='lat' dir='ltr'>Gerra</span> <span class='ocrx_word' id='word_1_13' title='bbox 326 661 470 743; x_wconf 90' lang='lat' dir='ltr'>oppidum</span> <span class='ocrx_word' id='word_1_14' title='bbox 488 679 556 724; x_wconf 90' lang='lat' dir='ltr'>cunt</span> <span class='ocrx_word' id='word_1_15' title='bbox 572 659 724 722; x_wconf 84' lang='lat' dir='ltr'>adiacente</span> <span class='ocrx_word' id='word_1_16' title='bbox 741 662 882 743; x_wconf 79' lang='lat' dir='ltr'>regione,</span> <span class='ocrx_word' id='word_1_17' title='bbox 898 664 935 726; x_wconf 92' lang='lat' dir='ltr'>ad</span> <span class='ocrx_word' id='word_1_18' title='bbox 954 661 1049 728; x_wconf 76' lang='lat' dir='ltr'>senuna</span> 
     </span>
     <span class='ocr_line' id='line_1_4' title="bbox 82 755 1050 845; baseline 0.002 -23"><span class='ocrx_word' id='word_1_19' title='bbox 82 755 252 830; x_wconf 77' lang='lat' dir='ltr'>Perseum,</span> <span class='ocrx_word' id='word_1_20' title='bbox 272 757 302 817; x_wconf 93' lang='lat' dir='ltr'>in</span> <span class='ocrx_word' id='word_1_21' title='bbox 320 755 406 816; x_wconf 80' lang='lat' dir='ltr'>Felici</span> <span class='ocrx_word' id='word_1_22' title='bbox 422 773 500 838; x_wconf 89' lang='lat' dir='ltr'>quae</span> <span class='ocrx_word' id='word_1_23' title='bbox 518 771 649 818; x_wconf 86' lang='lat' dir='ltr'>vocatur</span> <span class='ocrx_word' id='word_1_24' title='bbox 670 755 797 829; x_wconf 79' lang='lat' dir='ltr'>Arabia,</span> <span class='ocrx_word' id='word_1_25' title='bbox 816 757 1002 824; x_wconf 84' lang='lat' dir='ltr'>incolentem.</span> <span class='ocrx_word' id='word_1_26' title='bbox 1016 761 1050 845; x_wconf 87' lang='lat' dir='ltr'>n)</span> 
     </span>
     <span class='ocr_line' id='line_1_5' title="bbox 82 849 1051 934; baseline 0.008 -20"><span class='ocrx_word' id='word_1_27' title='bbox 82 849 178 915; x_wconf 87' lang='lat' dir='ltr'>Simul</span> <span class='ocrx_word' id='word_1_28' title='bbox 190 869 267 914; x_wconf 84' lang='lat' dir='ltr'>vero</span> <span class='ocrx_word' id='word_1_29' title='bbox 281 853 311 913; x_wconf 94' lang='lat' dir='ltr'>in</span> <span class='ocrx_word' id='word_1_30' title='bbox 326 851 454 914; x_wconf 86' lang='lat' dir='ltr'>eiuadem</span> <span class='ocrx_word' id='word_1_31' title='bbox 469 851 636 933; x_wconf 75' lang='lat' dir='ltr'>fragmenti</span> <span class='ocrx_word' id='word_1_32' title='bbox 650 850 893 934; x_wconf 73' lang='lat' dir='ltr'>interpretatione</span> <span class='ocrx_word' id='word_1_33' title='bbox 904 857 962 919; x_wconf 85' lang='lat' dir='ltr'>alia</span> <span class='ocrx_word' id='word_1_34' title='bbox 975 877 1051 922; x_wconf 89' lang='lat' dir='ltr'>non·</span> 
     </span>
     <span class='ocr_line' id='line_1_6' title="bbox 83 943 1051 1017; baseline 0.007 -8"><span class='ocrx_word' id='word_1_35' title='bbox 83 946 168 1009; x_wconf 84' lang='lat' dir='ltr'>nulla</span> <span class='ocrx_word' id='word_1_36' title='bbox 192 944 357 1008; x_wconf 79' lang='lat' dir='ltr'>abeodem</span> <span class='ocrx_word' id='word_1_37' title='bbox 379 943 470 1008; x_wconf 71' lang='lat' dir='ltr'>dodo</span> <span class='ocrx_word' id='word_1_38' title='bbox 489 944 558 1008; x_wconf 86' lang='lat' dir='ltr'>viro</span> <span class='ocrx_word' id='word_1_39' title='bbox 577 961 674 1006; x_wconf 88' lang='lat' dir='ltr'>errata</span> <span class='ocrx_word' id='word_1_40' title='bbox 697 943 776 1008; x_wconf 92' lang='lat' dir='ltr'>sunt.</span> <span class='ocrx_word' id='word_1_41' title='bbox 805 945 932 1010; x_wconf 82' lang='lat' dir='ltr'>Primum</span> <span class='ocrx_word' id='word_1_42' title='bbox 952 950 1051 1017; x_wconf 72' lang='lat' dir='ltr'>levius</span> 
     </span>
     <span class='ocr_line' id='line_1_7' title="bbox 81 1037 1099 1126; baseline 0.001 -20"><span class='ocrx_word' id='word_1_43' title='bbox 81 1039 178 1116; x_wconf 87' lang='lat' dir='ltr'>illud,</span> <span class='ocrx_word' id='word_1_44' title='bbox 198 1039 280 1122; x_wconf 88' lang='lat' dir='ltr'>quod</span> <span class='ocrx_word' id='word_1_45' title='bbox 299 1040 389 1104; x_wconf 85' lang='lat' dir='ltr'>verba</span> <span class='ocrx_word' id='word_1_46' title='bbox 407 1039 557 1103; x_wconf 76' lang='lat' dir='ltr'>enunieret</span> <span class='ocrx_word' id='word_1_47' title='bbox 579 1037 674 1114; x_wconf 67' lang='lat' dir='ltr'>iliter</span> <span class='ocrx_word' id='word_1_48' title='bbox 694 1037 790 1122; x_wconf 76' lang='lat' dir='ltr'>tipsnn</span> <span class='ocrx_word' id='word_1_49' title='bbox 807 1041 856 1102; x_wconf 77' lang='lat' dir='ltr'>ul</span> <span class='ocrx_word' id='word_1_50' title='bbox 878 1043 1052 1126; x_wconf 75' lang='lat' dir='ltr'>iaevieploe,</span> <span class='ocrx_word' id='word_1_51' title='bbox 1092 1074 1099 1088; x_wconf 79' lang='lat'><em>=</em></span> 
     </span>
    </p>
   </div>
   <div class='ocr_carea' id='block_1_3' title="bbox 81 1129 1055 1881">
    <p class='ocr_par' dir='ltr' id='par_1_3' title="bbox 81 1129 1055 1881">
     <span class='ocr_line' id='line_1_8' title="bbox 83 1129 1052 1222; baseline 0.005 -26"><span class='ocrx_word' id='word_1_52' title='bbox 83 1129 166 1218; x_wconf 83' lang='lat' dir='ltr'>quae</span> <span class='ocrx_word' id='word_1_53' title='bbox 188 1134 268 1197; x_wconf 88' lang='lat' dir='ltr'>ltaud</span> <span class='ocrx_word' id='word_1_54' title='bbox 280 1135 367 1198; x_wconf 88' lang='lat' dir='ltr'>dubie</span> <span class='ocrx_word' id='word_1_55' title='bbox 379 1153 415 1197; x_wconf 85' lang='lat' dir='ltr'>ea</span> <span class='ocrx_word' id='word_1_56' title='bbox 429 1134 533 1198; x_wconf 86' lang='lat' dir='ltr'>eodem</span> <span class='ocrx_word' id='word_1_57' title='bbox 547 1133 666 1216; x_wconf 85' lang='lat' dir='ltr'>Polybii</span> <span class='ocrx_word' id='word_1_58' title='bbox 679 1133 749 1197; x_wconf 92' lang='lat' dir='ltr'>loco</span> <span class='ocrx_word' id='word_1_59' title='bbox 762 1135 847 1199; x_wconf 83' lang='lat' dir='ltr'>duait</span> <span class='ocrx_word' id='word_1_60' title='bbox 859 1135 979 1215; x_wconf 81' lang='lat' dir='ltr'>Suidas,</span> <span class='ocrx_word' id='word_1_61' title='bbox 997 1159 1052 1222; x_wconf 87' lang='lat' dir='ltr'>pro</span> 
     </span>
     <span class='ocr_line' id='line_1_9' title="bbox 81 1219 1054 1314; baseline 0.007 -22"><span class='ocrx_word' id='word_1_62' title='bbox 81 1219 177 1312; x_wconf 82' lang='lat' dir='ltr'>ipsius</span> <span class='ocrx_word' id='word_1_63' title='bbox 193 1228 408 1314; x_wconf 82' lang='lat' dir='ltr'>Leticographi</span> <span class='ocrx_word' id='word_1_64' title='bbox 428 1231 531 1294; x_wconf 76' lang='lat' dir='ltr'>verbis</span> <span class='ocrx_word' id='word_1_65' title='bbox 548 1229 671 1307; x_wconf 86' lang='lat' dir='ltr'>habuit,</span> <span class='ocrx_word' id='word_1_66' title='bbox 690 1231 940 1310; x_wconf 76' lang='lat' dir='ltr'>interpretationis</span> <span class='ocrx_word' id='word_1_67' title='bbox 955 1234 1054 1300; x_wconf 74' lang='lat' dir='ltr'>mulli</span> 
     </span>
     <span class='ocr_line' id='line_1_10' title="bbox 84 1321 1054 1409; baseline 0.003 -22"><span class='ocrx_word' id='word_1_68' title='bbox 84 1321 218 1388; x_wconf 76' lang='lat' dir='ltr'>adieffle.</span> <span class='ocrx_word' id='word_1_69' title='bbox 239 1321 353 1387; x_wconf 85' lang='lat' dir='ltr'>Deinde</span> <span class='ocrx_word' id='word_1_70' title='bbox 365 1371 376 1406; x_wconf 84' lang='lat'><strong><em>,</em></strong></span> <span class='ocrx_word' id='word_1_71' title='bbox 387 1325 471 1408; x_wconf 89' lang='lat' dir='ltr'>quod</span> <span class='ocrx_word' id='word_1_72' title='bbox 486 1324 578 1388; x_wconf 85' lang='lat' dir='ltr'>verba</span> <span class='ocrx_word' id='word_1_73' title='bbox 594 1342 671 1407; x_wconf 89' lang='lat' dir='ltr'>quae</span> <span class='ocrx_word' id='word_1_74' title='bbox 686 1323 865 1406; x_wconf 85' lang='lat' dir='ltr'>sequuntur,</span> <span class='ocrx_word' id='word_1_75' title='bbox 878 1325 913 1387; x_wconf 84' lang='lat'>‘0</span> <span class='ocrx_word' id='word_1_76' title='bbox 924 1326 960 1388; x_wconf 81' lang='lat' dir='ltr'>ill</span> <span class='ocrx_word' id='word_1_77' title='bbox 975 1325 1054 1409; x_wconf 71' lang='lat' dir='ltr'>ippe</span> 
     </span>
     <span class='ocr_line' id='line_1_11' title="bbox 82 1409 1054 1500; baseline 0.002 -18"><span class='ocrx_word' id='word_1_78' title='bbox 82 1409 225 1482; x_wconf 72' lang='grc' dir='ltr'><strong><em>ννυθνίννν</em></strong></span> <span class='ocrx_word' id='word_1_79' title='bbox 240 1413 266 1478; x_wconf 82' lang='lat' dir='ltr'>oi</span> <span class='ocrx_word' id='word_1_80' title='bbox 284 1415 343 1480; x_wconf 81' lang='lat' dir='ltr'>dec.</span> <span class='ocrx_word' id='word_1_81' title='bbox 359 1435 437 1500; x_wconf 84' lang='lat' dir='ltr'>quae</span> <span class='ocrx_word' id='word_1_82' title='bbox 454 1417 490 1480; x_wconf 88' lang='lat' dir='ltr'>ad</span> <span class='ocrx_word' id='word_1_83' title='bbox 510 1417 643 1480; x_wconf 85' lang='lat' dir='ltr'>eamdent</span> <span class='ocrx_word' id='word_1_84' title='bbox 663 1437 725 1488; x_wconf 80' lang='lat' dir='ltr'>rent</span> <span class='ocrx_word' id='word_1_85' title='bbox 745 1419 913 1499; x_wconf 85' lang='lat' dir='ltr'>pertinent,</span> <span class='ocrx_word' id='word_1_86' title='bbox 932 1420 965 1482; x_wconf 84' lang='lat' dir='ltr'>dt</span> <span class='ocrx_word' id='word_1_87' title='bbox 981 1439 1054 1484; x_wconf 90' lang='lat' dir='ltr'>con·</span> 
     </span>
     <span class='ocr_line' id='line_1_12' title="bbox 84 1511 1051 1596; baseline 0.003 -20"><span class='ocrx_word' id='word_1_88' title='bbox 84 1515 175 1577; x_wconf 90' lang='lat' dir='ltr'>tinuo</span> <span class='ocrx_word' id='word_1_89' title='bbox 200 1531 280 1575; x_wconf 81' lang='lat' dir='ltr'>nexu</span> <span class='ocrx_word' id='word_1_90' title='bbox 304 1531 375 1576; x_wconf 91' lang='lat' dir='ltr'>cum</span> <span class='ocrx_word' id='word_1_91' title='bbox 403 1511 606 1596; x_wconf 84' lang='lat' dir='ltr'>superioribus</span> <span class='ocrx_word' id='word_1_92' title='bbox 633 1513 821 1587; x_wconf 84' lang='lat' dir='ltr'>cohaerent.</span> <span class='ocrx_word' id='word_1_93' title='bbox 850 1533 967 1578; x_wconf 87' lang='lat' dir='ltr'>novum</span> <span class='ocrx_word' id='word_1_94' title='bbox 990 1513 1051 1579; x_wconf 86' lang='lat' dir='ltr'>esse</span> 
     </span>
     <span class='ocr_line' id='line_1_13' title="bbox 84 1607 1053 1700; baseline -0.003 -27"><span class='ocrx_word' id='word_1_95' title='bbox 84 1609 316 1692; x_wconf 81' lang='lat' dir='ltr'>Fragmentum,</span> <span class='ocrx_word' id='word_1_96' title='bbox 336 1627 376 1671; x_wconf 84' lang='lat' dir='ltr'>et</span> <span class='ocrx_word' id='word_1_97' title='bbox 390 1607 448 1672; x_wconf 88' lang='lat' dir='ltr'>alio</span> <span class='ocrx_word' id='word_1_98' title='bbox 463 1608 588 1670; x_wconf 70' lang='lat' dir='ltr'>audore</span> <span class='ocrx_word' id='word_1_99' title='bbox 602 1625 657 1670; x_wconf 94' lang='lat' dir='ltr'>aut</span> <span class='ocrx_word' id='word_1_100' title='bbox 672 1627 709 1670; x_wconf 85' lang='lat' dir='ltr'>ex</span> <span class='ocrx_word' id='word_1_101' title='bbox 726 1608 784 1671; x_wconf 86' lang='lat' dir='ltr'>alio</span> <span class='ocrx_word' id='word_1_102' title='bbox 798 1607 898 1670; x_wconf 88' lang='lat' dir='ltr'>saltent</span> <span class='ocrx_word' id='word_1_103' title='bbox 912 1609 982 1672; x_wconf 90' lang='lat' dir='ltr'>loco</span> <span class='ocrx_word' id='word_1_104' title='bbox 994 1611 1053 1700; x_wconf 65' lang='lat' dir='ltr'>dep-</span> 
     </span>
     <span class='ocr_line' id='line_1_14' title="bbox 86 1690 1055 1788; baseline 0 -20"><span class='ocrx_word' id='word_1_105' title='bbox 86 1699 188 1776; x_wconf 71' lang='lat' dir='ltr'>eun,</span> <span class='ocrx_word' id='word_1_106' title='bbox 210 1690 369 1766; x_wconf 82' lang='lat' dir='ltr'>arbitratus</span> <span class='ocrx_word' id='word_1_107' title='bbox 385 1701 446 1780; x_wconf 80' lang='lat' dir='ltr'>eil,</span> <span class='ocrx_word' id='word_1_108' title='bbox 466 1702 596 1786; x_wconf 88' lang='lat' dir='ltr'>illudque</span> <span class='ocrx_word' id='word_1_109' title='bbox 621 1703 794 1784; x_wconf 82' lang='lat' dir='ltr'>interpostto</span> <span class='ocrx_word' id='word_1_110' title='bbox 812 1723 852 1766; x_wconf 90' lang='lat' dir='ltr'>eo</span> <span class='ocrx_word' id='word_1_111' title='bbox 867 1703 970 1786; x_wconf 76' lang='lat' dir='ltr'>signo,</span> <span class='ocrx_word' id='word_1_112' title='bbox 982 1723 1055 1788; x_wconf 88' lang='lat' dir='ltr'>quo</span> 
     </span>
     <span class='ocr_line' id='line_1_15' title="bbox 85 1793 931 1881; baseline -0.001 -20"><span class='ocrx_word' id='word_1_113' title='bbox 85 1798 120 1862; x_wconf 87' lang='lat' dir='ltr'>in</span> <span class='ocrx_word' id='word_1_114' title='bbox 137 1796 244 1860; x_wconf 83' lang='lat' dir='ltr'>talibue</span> <span class='ocrx_word' id='word_1_115' title='bbox 263 1795 308 1859; x_wconf 89' lang='lat' dir='ltr'>uti</span> <span class='ocrx_word' id='word_1_116' title='bbox 324 1793 415 1872; x_wconf 87' lang='lat' dir='ltr'>solet,</span> <span class='ocrx_word' id='word_1_117' title='bbox 432 1815 450 1857; x_wconf 87' lang='lat' dir='ltr'>a</span> <span class='ocrx_word' id='word_1_118' title='bbox 467 1797 709 1879; x_wconf 83' lang='lat' dir='ltr'>praecedentibus</span> <span class='ocrx_word' id='word_1_119' title='bbox 724 1796 878 1880; x_wconf 86' lang='lat' dir='ltr'>separavit.</span> <span class='ocrx_word' id='word_1_120' title='bbox 898 1798 931 1881; x_wconf 88' lang='lat' dir='ltr'>o)</span> 
     </span>
    </p>
   </div>
   <div class='ocr_carea' id='block_1_4' title="bbox 86 1891 1056 2267">
    <p class='ocr_par' dir='ltr' id='par_1_4' title="bbox 86 1891 1056 2267">
     <span class='ocr_line' id='line_1_16' title="bbox 130 1891 1055 1986; baseline 0.002 -19"><span class='ocrx_word' id='word_1_121' title='bbox 130 1901 313 1967; x_wconf 73' lang='lat' dir='ltr'>uenerem</span> <span class='ocrx_word' id='word_1_122' title='bbox 323 1891 531 1964; x_wconf 80' lang='lat' dir='ltr'>aCesaubono</span> <span class='ocrx_word' id='word_1_123' title='bbox 544 1901 785 1964; x_wconf 73' lang='lat' dir='ltr'>Gennrrottvnt</span> <span class='ocrx_word' id='word_1_124' title='bbox 805 1921 916 1966; x_wconf 91' lang='lat' dir='ltr'>nomen</span> <span class='ocrx_word' id='word_1_125' title='bbox 926 1903 1055 1986; x_wconf 80' lang='lat' dir='ltr'>Polybio</span> 
     </span>
     <span class='ocr_line' id='line_1_17' title="bbox 87 1992 1055 2082; baseline 0.003 -23"><span class='ocrx_word' id='word_1_126' title='bbox 87 1996 167 2082; x_wconf 88' lang='lat' dir='ltr'>apud</span> <span class='ocrx_word' id='word_1_127' title='bbox 191 1994 308 2058; x_wconf 88' lang='lat' dir='ltr'>Suidam</span> <span class='ocrx_word' id='word_1_128' title='bbox 328 1992 387 2058; x_wconf 82' lang='lat' dir='ltr'>effe</span> <span class='ocrx_word' id='word_1_129' title='bbox 407 1993 592 2071; x_wconf 82' lang='lat' dir='ltr'>restitutum,</span> <span class='ocrx_word' id='word_1_130' title='bbox 617 1995 728 2057; x_wconf 90' lang='lat' dir='ltr'>evincit</span> <span class='ocrx_word' id='word_1_131' title='bbox 750 1995 826 2058; x_wconf 89' lang='lat' dir='ltr'>aliud</span> <span class='ocrx_word' id='word_1_132' title='bbox 846 1995 1055 2079; x_wconf 79' lang='lat' dir='ltr'>Fragmentum</span> 
     </span>
     <span class='ocr_line' id='line_1_18' title="bbox 86 2085 1056 2172; baseline 0 -18"><span class='ocrx_word' id='word_1_133' title='bbox 86 2089 292 2172; x_wconf 84' lang='lat' dir='ltr'>Polybianum</span> <span class='ocrx_word' id='word_1_134' title='bbox 312 2087 350 2150; x_wconf 86' lang='lat' dir='ltr'>ab</span> <span class='ocrx_word' id='word_1_135' title='bbox 367 2086 474 2151; x_wconf 86' lang='lat' dir='ltr'>eodem</span> <span class='ocrx_word' id='word_1_136' title='bbox 495 2085 585 2150; x_wconf 89' lang='lat' dir='ltr'>Suida</span> <span class='ocrx_word' id='word_1_137' title='bbox 604 2087 640 2150; x_wconf 92' lang='lat' dir='ltr'>ad</span> <span class='ocrx_word' id='word_1_138' title='bbox 661 2107 768 2151; x_wconf 84' lang='lat' dir='ltr'>vocem</span> <span class='ocrx_word' id='word_1_139' title='bbox 789 2091 911 2154; x_wconf 71' lang='grc' dir='ltr'><strong><em>Σταντῖν</em></strong></span> <span class='ocrx_word' id='word_1_140' title='bbox 926 2090 1056 2154; x_wconf 82' lang='lat' dir='ltr'>&#39;conser-</span> 
     </span>
     <span class='ocr_line' id='line_1_19' title="bbox 87 2178 1055 2267; baseline 0.001 -18"><span class='ocrx_word' id='word_1_141' title='bbox 87 2202 219 2261; x_wconf 86' lang='lat' dir='ltr'>vatum,</span> <span class='ocrx_word' id='word_1_142' title='bbox 237 2181 321 2267; x_wconf 84' lang='lat' dir='ltr'>quod</span> <span class='ocrx_word' id='word_1_143' title='bbox 340 2197 510 2266; x_wconf 82' lang='lat' dir='ltr'>opportune</span> <span class='ocrx_word' id='word_1_144' title='bbox 526 2181 622 2264; x_wconf 88' lang='lat' dir='ltr'>priori</span> <span class='ocrx_word' id='word_1_145' title='bbox 638 2178 682 2244; x_wconf 87' lang='lat' dir='ltr'>dlt</span> <span class='ocrx_word' id='word_1_146' title='bbox 692 2181 829 2265; x_wconf 84' lang='lat' dir='ltr'>proxime</span> <span class='ocrx_word' id='word_1_147' title='bbox 845 2180 964 2248; x_wconf 87' lang='lat' dir='ltr'>subiecit</span> <span class='ocrx_word' id='word_1_148' title='bbox 984 2183 1055 2258; x_wconf 88' lang='lat' dir='ltr'>loco</span> 
     </span>
    </p>
   </div>
   <div class='ocr_carea' id='block_1_5' title="bbox 70 2356 1085 3124">
    <p class='ocr_par' dir='ltr' id='par_1_5' title="bbox 106 2356 1085 3058">
     <span class='ocr_line' id='line_1_20' title="bbox 106 2356 1056 2432; baseline 0 -20"><span class='ocrx_word' id='word_1_149' title='bbox 106 2361 143 2432; x_wconf 82' lang='lat' dir='ltr'>it)</span> <span class='ocrx_word' id='word_1_150' title='bbox 160 2356 291 2428; x_wconf 78' lang='lat' dir='ltr'>Quidquid</span> <span class='ocrx_word' id='word_1_151' title='bbox 306 2356 463 2412; x_wconf 77' lang='lat' dir='ltr'>condomus</span> <span class='ocrx_word' id='word_1_152' title='bbox 481 2356 549 2412; x_wconf 87' lang='lat' dir='ltr'>inter</span> <span class='ocrx_word' id='word_1_153' title='bbox 565 2371 701 2429; x_wconf 79' lang='lat' dir='ltr'>utrumque</span> <span class='ocrx_word' id='word_1_154' title='bbox 720 2359 796 2414; x_wconf 81' lang='lat' dir='ltr'>marie</span> <span class='ocrx_word' id='word_1_155' title='bbox 812 2358 946 2432; x_wconf 82' lang='lat' dir='ltr'>Erythraei</span> <span class='ocrx_word' id='word_1_156' title='bbox 962 2359 1056 2425; x_wconf 82' lang='lat' dir='ltr'>finum,</span> 
     </span>
     <span class='ocr_line' id='line_1_21' title="bbox 155 2433 1060 2586; baseline 0.002 -18"><span class='ocrx_word' id='word_1_157' title='bbox 155 2433 1060 2586; x_wconf 52' lang='lat' dir='ltr'>⁹“i‘nosss&#39;3i‘fn‘fflln0‘iitsnl‘fsls‘sss</span> 
     </span>
     <span class='ocr_line' id='line_1_22' title="bbox 159 2592 1057 2664; baseline 0.002 -16"><span class='ocrx_word' id='word_1_158' title='bbox 159 2593 288 2648; x_wconf 77' lang='lat' dir='ltr'>villiuein</span> <span class='ocrx_word' id='word_1_159' title='bbox 302 2592 445 2664; x_wconf 78' lang='lat' dir='ltr'>Gsngrepdie</span> <span class='ocrx_word' id='word_1_160' title='bbox 462 2599 574 2648; x_wconf 79' lang='lat' dir='ltr'>ancienne</span> <span class='ocrx_word' id='word_1_161' title='bbox 589 2595 665 2648; x_wconf 75' lang='lat' dir='ltr'>Tom-</span> <span class='ocrx_word' id='word_1_162' title='bbox 681 2597 716 2646; x_wconf 88' lang='lat' dir='ltr'>ll.</span> <span class='ocrx_word' id='word_1_163' title='bbox 737 2613 762 2659; x_wconf 84' lang='lat' dir='ltr'>p.</span> <span class='ocrx_word' id='word_1_164' title='bbox 778 2594 852 2646; x_wconf 82' lang='lat'>226-</span> <span class='ocrx_word' id='word_1_165' title='bbox 862 2598 921 2648; x_wconf 80' lang='lat'>228.</span> <span class='ocrx_word' id='word_1_166' title='bbox 937 2593 1057 2650; x_wconf 80' lang='lat' dir='ltr'>Desertae</span> 
     </span>
     <span class='ocr_line' id='line_1_23' title="bbox 157 2669 1056 2740; baseline 0 -16"><span class='ocrx_word' id='word_1_167' title='bbox 157 2673 264 2725; x_wconf 75' lang='lat' dir='ltr'>Arabiae</span> <span class='ocrx_word' id='word_1_168' title='bbox 280 2669 412 2725; x_wconf 84' lang='lat' dir='ltr'>accensere</span> <span class='ocrx_word' id='word_1_169' title='bbox 428 2673 531 2732; x_wconf 77' lang='lat' dir='ltr'>maluit,</span> <span class='ocrx_word' id='word_1_170' title='bbox 547 2670 597 2722; x_wconf 92' lang='lat' dir='ltr'>soli</span> <span class='ocrx_word' id='word_1_171' title='bbox 612 2671 692 2740; x_wconf 75' lang='lat' dir='ltr'>magis</span> <span class='ocrx_word' id='word_1_172' title='bbox 707 2684 819 2724; x_wconf 87' lang='lat' dir='ltr'>naturam</span> <span class='ocrx_word' id='word_1_173' title='bbox 828 2681 928 2740; x_wconf 73' lang='lat' dir='ltr'>,quant</span> <span class='ocrx_word' id='word_1_174' title='bbox 940 2685 1056 2726; x_wconf 84' lang='lat' dir='ltr'>veterum</span> 
     </span>
     <span class='ocr_line' id='line_1_24' title="bbox 157 2748 1057 2828; baseline -0.001 -21"><span class='ocrx_word' id='word_1_175' title='bbox 157 2752 316 2822; x_wconf 79' lang='lat' dir='ltr'>Scriptorum</span> <span class='ocrx_word' id='word_1_176' title='bbox 327 2749 414 2813; x_wconf 86' lang='lat' dir='ltr'>usum,</span> <span class='ocrx_word' id='word_1_177' title='bbox 426 2748 538 2804; x_wconf 78' lang='lat' dir='ltr'>secutus.</span> <span class='ocrx_word' id='word_1_178' title='bbox 560 2751 652 2818; x_wconf 89' lang='lat' dir='ltr'>Popult</span> <span class='ocrx_word' id='word_1_179' title='bbox 662 2749 830 2809; x_wconf 88' lang='lat' dir='ltr'>Gertaeotum</span> <span class='ocrx_word' id='word_1_180' title='bbox 838 2755 903 2820; x_wconf 88' lang='lat' dir='ltr'>apud</span> <span class='ocrx_word' id='word_1_181' title='bbox 914 2757 1057 2828; x_wconf 72' lang='lat' dir='ltr'>complures</span> 
     </span>
     <span class='ocr_line' id='line_1_25' title="bbox 157 2827 1061 2903; baseline -0.004 -17"><span class='ocrx_word' id='word_1_182' title='bbox 157 2831 293 2894; x_wconf 64' lang='lat' dir='ltr'>auderet,</span> <span class='ocrx_word' id='word_1_183' title='bbox 308 2829 528 2903; x_wconf 75' lang='lat' dir='ltr'>Agatharchidem,</span> <span class='ocrx_word' id='word_1_184' title='bbox 541 2827 683 2884; x_wconf 84' lang='lat' dir='ltr'>Diodorum</span> <span class='ocrx_word' id='word_1_185' title='bbox 693 2833 822 2893; x_wconf 74' lang='lat' dir='ltr'>seculum</span> <span class='ocrx_word' id='word_1_186' title='bbox 835 2833 999 2895; x_wconf 84' lang='lat' dir='ltr'>Strabonem,</span> <span class='ocrx_word' id='word_1_187' title='bbox 1010 2831 1061 2883; x_wconf 88' lang='lat' dir='ltr'>Pli-</span> 
     </span>
     <span class='ocr_line' id='line_1_26' title="bbox 157 2907 1058 2978; baseline -0.003 -14"><span class='ocrx_word' id='word_1_188' title='bbox 157 2911 241 2974; x_wconf 86' lang='lat' dir='ltr'>nium,</span> <span class='ocrx_word' id='word_1_189' title='bbox 266 2910 454 2971; x_wconf 82' lang='lat' dir='ltr'>Ptolemaeum,</span> <span class='ocrx_word' id='word_1_190' title='bbox 475 2911 604 2977; x_wconf 84' lang='lat' dir='ltr'>aliosque,</span> <span class='ocrx_word' id='word_1_191' title='bbox 625 2909 779 2959; x_wconf 84' lang='lat' dir='ltr'>mentionem</span> <span class='ocrx_word' id='word_1_192' title='bbox 798 2907 886 2960; x_wconf 76' lang='lat' dir='ltr'>saslnm</span> <span class='ocrx_word' id='word_1_193' title='bbox 907 2907 1058 2978; x_wconf 77' lang='lat' dir='ltr'>repetimus.</span> 
     </span>
     <span class='ocr_line' id='line_1_27' title="bbox 156 2984 1085 3106; baseline -0.006 -64"><span class='ocrx_word' id='word_1_194' title='bbox 156 2989 206 3042; x_wconf 83' lang='lat' dir='ltr'>Sed</span> <span class='ocrx_word' id='word_1_195' title='bbox 218 3003 351 3058; x_wconf 75' lang='lat' dir='ltr'>praecipue</span> <span class='ocrx_word' id='word_1_196' title='bbox 365 2985 533 3039; x_wconf 81' lang='lat' dir='ltr'>consulendus</span> <span class='ocrx_word' id='word_1_197' title='bbox 547 2985 637 3037; x_wconf 85' lang='lat' dir='ltr'>Strabo</span> <span class='ocrx_word' id='word_1_198' title='bbox 652 2985 709 3036; x_wconf 73' lang='lat' dir='ltr'>lib.</span> <span class='ocrx_word' id='word_1_199' title='bbox 725 2984 799 3040; x_wconf 88' lang='lat' dir='ltr'>xv1.</span> <span class='ocrx_word' id='word_1_200' title='bbox 815 3001 873 3054; x_wconf 87' lang='lat' dir='ltr'>pag.</span> <span class='ocrx_word' id='word_1_201' title='bbox 885 2988 945 3050; x_wconf 83' lang='grc'>766</span> <span class='ocrx_word' id='word_1_202' title='bbox 957 2984 1057 3106; x_wconf 42' lang='grc'><strong>66768.</strong></span> <span class='ocrx_word' id='word_1_203' title='bbox 1079 3004 1085 3015; x_wconf 92' lang='grc'><em>·</em></span> 
     </span>
    </p>

    <p class='ocr_par' dir='ltr' id='par_1_6' title="bbox 70 3066 441 3124">
     <span class='ocr_line' id='line_1_28' title="bbox 70 3066 441 3124; baseline -0.014 0"><span class='ocrx_word' id='word_1_204' title='bbox 70 3107 74 3114; x_wconf 87' lang='lat'><em>·</em></span> <span class='ocrx_word' id='word_1_205' title='bbox 159 3069 222 3124; x_wconf 85' lang='lat' dir='ltr'>edit.</span> <span class='ocrx_word' id='word_1_206' title='bbox 240 3068 270 3121; x_wconf 87' lang='lat' dir='ltr'>ls.</span> <span class='ocrx_word' id='word_1_207' title='bbox 286 3066 441 3120; x_wconf 73' lang='lat' dir='ltr'>casauboni.</span> 
     </span>
    </p>
   </div>
   <div class='ocr_carea' id='block_1_6' title="bbox 111 3155 1128 3952">
    <p class='ocr_par' dir='ltr' id='par_1_7' title="bbox 111 3155 1128 3952">
     <span class='ocr_line' id='line_1_29' title="bbox 111 3155 1093 3232; baseline -0.007 -15"><span class='ocrx_word' id='word_1_208' title='bbox 111 3159 142 3230; x_wconf 84' lang='lat' dir='ltr'>o)</span> <span class='ocrx_word' id='word_1_209' title='bbox 157 3161 254 3214; x_wconf 81' lang='lat' dir='ltr'>Eodem</span> <span class='ocrx_word' id='word_1_210' title='bbox 267 3163 327 3213; x_wconf 87' lang='lat' dir='ltr'>loeo</span> <span class='ocrx_word' id='word_1_211' title='bbox 343 3159 444 3231; x_wconf 80' lang='lat' dir='ltr'>gravius</span> <span class='ocrx_word' id='word_1_212' title='bbox 458 3155 537 3210; x_wconf 89' lang='lat' dir='ltr'>etiam</span> <span class='ocrx_word' id='word_1_213' title='bbox 554 3155 582 3210; x_wconf 79' lang='lat' dir='ltr'>dt</span> <span class='ocrx_word' id='word_1_214' title='bbox 594 3172 674 3226; x_wconf 83' lang='lat' dir='ltr'>paene</span> <span class='ocrx_word' id='word_1_215' title='bbox 689 3155 794 3210; x_wconf 82' lang='lat' dir='ltr'>ridicule</span> <span class='ocrx_word' id='word_1_216' title='bbox 807 3166 934 3210; x_wconf 78' lang='lat' dir='ltr'>erraverat</span> <span class='ocrx_word' id='word_1_217' title='bbox 945 3155 1060 3226; x_wconf 79' lang='lat' dir='ltr'>superior</span> <span class='ocrx_word' id='word_1_218' title='bbox 1085 3196 1093 3232; x_wconf 27' lang='grc' dir='ltr'><strong>ζ</strong></span> 
     </span>
     <span class='ocr_line' id='line_1_30' title="bbox 160 3233 1128 3306; baseline -0.013 -14"><span class='ocrx_word' id='word_1_219' title='bbox 160 3239 252 3296; x_wconf 84' lang='lat' dir='ltr'>Suidae</span> <span class='ocrx_word' id='word_1_220' title='bbox 271 3240 375 3302; x_wconf 83' lang='lat' dir='ltr'>editor,</span> <span class='ocrx_word' id='word_1_221' title='bbox 393 3236 516 3291; x_wconf 75' lang='lat' dir='ltr'>Aemilius</span> <span class='ocrx_word' id='word_1_222' title='bbox 533 3235 641 3296; x_wconf 61' lang='lat' dir='ltr'>Portum</span> <span class='ocrx_word' id='word_1_223' title='bbox 662 3237 708 3305; x_wconf 89' lang='lat' dir='ltr'>qui</span> <span class='ocrx_word' id='word_1_224' title='bbox 728 3238 805 3288; x_wconf 84' lang='lat' dir='ltr'>verba</span> <span class='ocrx_word' id='word_1_225' title='bbox 822 3233 952 3291; x_wconf 56' lang='lat' dir='ltr'>naerens</span> <span class='ocrx_word' id='word_1_226' title='bbox 971 3233 1060 3301; x_wconf 78' lang='lat' dir='ltr'>intye&#39;.</span> <span class='ocrx_word' id='word_1_227' title='bbox 1121 3299 1128 3306; x_wconf 31' lang='grc' dir='ltr'>ι</span> 
     </span>
     <span class='ocr_line' id='line_1_31' title="bbox 159 3315 1062 3387; baseline -0.002 -17"><span class='ocrx_word' id='word_1_228' title='bbox 159 3337 285 3387; x_wconf 64' lang='lat' dir='ltr'>pponam,</span> <span class='ocrx_word' id='word_1_229' title='bbox 301 3334 366 3387; x_wconf 85' lang='lat' dir='ltr'>quae</span> <span class='ocrx_word' id='word_1_230' title='bbox 383 3316 415 3368; x_wconf 91' lang='lat' dir='ltr'>ad</span> <span class='ocrx_word' id='word_1_231' title='bbox 433 3317 579 3385; x_wconf 77' lang='lat' dir='ltr'>sequentem</span> <span class='ocrx_word' id='word_1_232' title='bbox 597 3316 664 3382; x_wconf 91' lang='lat' dir='ltr'>apud</span> <span class='ocrx_word' id='word_1_233' title='bbox 681 3315 783 3368; x_wconf 76' lang='lat' dir='ltr'>suidam</span> <span class='ocrx_word' id='word_1_234' title='bbox 801 3317 933 3368; x_wconf 88' lang='lat' dir='ltr'>articulum</span> <span class='ocrx_word' id='word_1_235' title='bbox 952 3315 1014 3382; x_wconf 90' lang='lat' dir='ltr'>(ubi</span> <span class='ocrx_word' id='word_1_236' title='bbox 1029 3318 1062 3368; x_wconf 89' lang='lat' dir='ltr'>de</span> 
     </span>
     <span class='ocr_line' id='line_1_32' title="bbox 157 3395 1058 3467; baseline -0.003 -16"><span class='ocrx_word' id='word_1_237' title='bbox 157 3397 288 3454; x_wconf 77' lang='lat' dir='ltr'>Aeschinis</span> <span class='ocrx_word' id='word_1_238' title='bbox 298 3396 420 3449; x_wconf 85' lang='lat' dir='ltr'>Socratici</span> <span class='ocrx_word' id='word_1_239' title='bbox 430 3395 539 3447; x_wconf 75' lang='lat' dir='ltr'>Axioeio</span> <span class='ocrx_word' id='word_1_240' title='bbox 548 3396 648 3467; x_wconf 85' lang='lat' dir='ltr'>agitur)</span> <span class='ocrx_word' id='word_1_241' title='bbox 667 3395 801 3466; x_wconf 79' lang='lat' dir='ltr'>marginia</span> <span class='ocrx_word' id='word_1_242' title='bbox 820 3413 871 3447; x_wconf 92' lang='lat' dir='ltr'>non</span> <span class='ocrx_word' id='word_1_243' title='bbox 883 3395 984 3448; x_wconf 84' lang='lat' dir='ltr'>nemine</span> <span class='ocrx_word' id='word_1_244' title='bbox 996 3396 1058 3448; x_wconf 87' lang='lat' dir='ltr'>olim</span> 
     </span>
     <span class='ocr_line' id='line_1_33' title="bbox 161 3477 1061 3547; baseline -0.002 -15"><span class='ocrx_word' id='word_1_245' title='bbox 161 3480 261 3532; x_wconf 77' lang='lat' dir='ltr'>fuerant</span> <span class='ocrx_word' id='word_1_246' title='bbox 274 3479 410 3547; x_wconf 81' lang='lat' dir='ltr'>adscripta,</span> <span class='ocrx_word' id='word_1_247' title='bbox 430 3496 458 3531; x_wconf 90' lang='lat' dir='ltr'>ac</span> <span class='ocrx_word' id='word_1_248' title='bbox 471 3490 564 3532; x_wconf 86' lang='lat' dir='ltr'>temere</span> <span class='ocrx_word' id='word_1_249' title='bbox 572 3478 663 3532; x_wconf 88' lang='lat' dir='ltr'>deinde</span> <span class='ocrx_word' id='word_1_250' title='bbox 673 3479 699 3532; x_wconf 88' lang='lat' dir='ltr'>&#39;tu</span> <span class='ocrx_word' id='word_1_251' title='bbox 710 3492 859 3530; x_wconf 78' lang='lat' dir='ltr'>contextum</span> <span class='ocrx_word' id='word_1_252' title='bbox 871 3491 973 3546; x_wconf 88' lang='lat' dir='ltr'>recepta</span> <span class='ocrx_word' id='word_1_253' title='bbox 984 3477 1061 3544; x_wconf 86' lang='lat' dir='ltr'>sunt,</span> 
     </span>
     <span class='ocr_line' id='line_1_34' title="bbox 159 3557 1062 3628; baseline -0.002 -16"><span class='ocrx_word' id='word_1_254' title='bbox 159 3559 189 3612; x_wconf 87' lang='lat' dir='ltr'>&#39;tn</span> <span class='ocrx_word' id='word_1_255' title='bbox 201 3557 306 3612; x_wconf 81' lang='lat' dir='ltr'>Gmec&#39;ta</span> <span class='ocrx_word' id='word_1_256' title='bbox 317 3559 416 3628; x_wconf 80' lang='lat' dir='ltr'>quidem</span> <span class='ocrx_word' id='word_1_257' title='bbox 434 3559 548 3628; x_wconf 79' lang='lat' dir='ltr'>sequemi</span> <span class='ocrx_word' id='word_1_258' title='bbox 564 3560 600 3610; x_wconf 90' lang='lat' dir='ltr'>illi</span> <span class='ocrx_word' id='word_1_259' title='bbox 614 3560 721 3613; x_wconf 84' lang='lat' dir='ltr'>articulo</span> <span class='ocrx_word' id='word_1_260' title='bbox 739 3560 766 3611; x_wconf 87' lang='lat' dir='ltr'>in</span> <span class='ocrx_word' id='word_1_261' title='bbox 782 3558 832 3612; x_wconf 87' lang='lat' dir='ltr'>sine</span> <span class='ocrx_word' id='word_1_262' title='bbox 849 3559 959 3623; x_wconf 86' lang='lat' dir='ltr'>adiecit,</span> <span class='ocrx_word' id='word_1_263' title='bbox 976 3559 1001 3609; x_wconf 93' lang='lat' dir='ltr'>in</span> <span class='ocrx_word' id='word_1_264' title='bbox 1014 3559 1062 3610; x_wconf 83' lang='lat' dir='ltr'>La-</span> 
     </span>
     <span class='ocr_line' id='line_1_35' title="bbox 159 3637 1060 3710; baseline 0.001 -19"><span class='ocrx_word' id='word_1_265' title='bbox 159 3640 215 3698; x_wconf 85' lang='lat' dir='ltr'>tina</span> <span class='ocrx_word' id='word_1_266' title='bbox 231 3651 314 3693; x_wconf 85' lang='lat' dir='ltr'>antem</span> <span class='ocrx_word' id='word_1_267' title='bbox 329 3637 445 3694; x_wconf 80' lang='lat' dir='ltr'>verfione</span> <span class='ocrx_word' id='word_1_268' title='bbox 461 3655 519 3690; x_wconf 85' lang='lat' dir='ltr'>cum</span> <span class='ocrx_word' id='word_1_269' title='bbox 536 3639 585 3691; x_wconf 84' lang='lat' dir='ltr'>hoc</span> <span class='ocrx_word' id='word_1_270' title='bbox 602 3637 686 3691; x_wconf 75' lang='lat' dir='ltr'>nostro</span> <span class='ocrx_word' id='word_1_271' title='bbox 703 3639 852 3710; x_wconf 73' lang='lat' dir='ltr'>fragmento</span> <span class='ocrx_word' id='word_1_272' title='bbox 869 3637 1002 3691; x_wconf 80' lang='lat' dir='ltr'>coniunxit</span> <span class='ocrx_word' id='word_1_273' title='bbox 1015 3640 1060 3692; x_wconf 84' lang='lat' dir='ltr'>tali</span> 
     </span>
     <span class='ocr_line' id='line_1_36' title="bbox 157 3715 1059 3787; baseline -0.007 -13"><span class='ocrx_word' id='word_1_274' title='bbox 157 3717 255 3774; x_wconf 81' lang='lat' dir='ltr'>modo:</span> <span class='ocrx_word' id='word_1_275' title='bbox 275 3719 340 3771; x_wconf 77' lang='lat' dir='ltr'>nllie</span> <span class='ocrx_word' id='word_1_276' title='bbox 356 3733 420 3770; x_wconf 80' lang='lat' dir='ltr'>veto</span> <span class='ocrx_word' id='word_1_277' title='bbox 439 3715 543 3787; x_wconf 75' lang='lat' dir='ltr'>epistold</span> <span class='ocrx_word' id='word_1_278' title='bbox 562 3716 606 3769; x_wconf 86' lang='lat' dir='ltr'>libi</span> <span class='ocrx_word' id='word_1_279' title='bbox 629 3735 672 3785; x_wconf 91' lang='lat' dir='ltr'>per</span> <span class='ocrx_word' id='word_1_280' title='bbox 692 3719 856 3786; x_wconf 88' lang='lat' dir='ltr'>interpretem</span> <span class='ocrx_word' id='word_1_281' title='bbox 879 3716 1059 3786; x_wconf 43' lang='lat' dir='ltr'>explicati&amp;</span> 
     </span>
     <span class='ocr_line' id='line_1_37' title="bbox 159 3793 1058 3866; baseline -0.002 -14"><span class='ocrx_word' id='word_1_282' title='bbox 159 3799 318 3859; x_wconf 65' lang='lat' dir='ltr'>ntorum,</span> <span class='ocrx_word' id='word_1_283' title='bbox 329 3795 468 3864; x_wconf 83' lang='lat' dir='ltr'>respondit,</span> <span class='ocrx_word' id='word_1_284' title='bbox 476 3795 502 3848; x_wconf 91' lang='lat' dir='ltr'>se</span> <span class='ocrx_word' id='word_1_285' title='bbox 512 3794 644 3866; x_wconf 78' lang='lat' dir='ltr'>postulatis</span> <span class='ocrx_word' id='word_1_286' title='bbox 650 3795 762 3865; x_wconf 85' lang='lat' dir='ltr'>ipsorum</span> <span class='ocrx_word' id='word_1_287' title='bbox 770 3813 889 3854; x_wconf 72' lang='lat' dir='ltr'>artuum.</span> <span class='ocrx_word' id='word_1_288' title='bbox 905 3793 973 3850; x_wconf 79' lang='lat' dir='ltr'>Haec</span> <span class='ocrx_word' id='word_1_289' title='bbox 981 3811 1058 3850; x_wconf 69' lang='lat' dir='ltr'>wem</span> 
     </span>
     <span class='ocr_line' id='line_1_38' title="bbox 160 3875 710 3952; baseline -0.016 -18"><span class='ocrx_word' id='word_1_290' title='bbox 160 3879 282 3952; x_wconf 71' lang='lat' dir='ltr'>nepssola</span> <span class='ocrx_word' id='word_1_291' title='bbox 300 3875 412 3932; x_wconf 80' lang='lat' dir='ltr'>Platonis</span> <span class='ocrx_word' id='word_1_292' title='bbox 427 3879 518 3930; x_wconf 69' lang='lat' dir='ltr'>nomine</span> <span class='ocrx_word' id='word_1_293' title='bbox 531 3876 685 3933; x_wconf 67' lang='lat' dir='ltr'>instruitur.</span> <span class='ocrx_word' id='word_1_294' title='bbox 694 3897 710 3925; x_wconf 77' lang='lat' dir='ltr'>u</span> 
     </span>
    </p>
   </div>
   <div class='ocr_carea' id='block_1_7' title="bbox 218 3961 778 4027">
    <p class='ocr_par' dir='ltr' id='par_1_8' title="bbox 218 3961 778 4027">
     <span class='ocr_line' id='line_1_39' title="bbox 218 3961 778 4027; baseline -0.004 -1"><span class='ocrx_word' id='word_1_295' title='bbox 218 3962 292 4026; x_wconf 78' lang='lat' dir='ltr'>Pars</span> <span class='ocrx_word' id='word_1_296' title='bbox 300 3961 344 4027; x_wconf 88' lang='lat'>11.</span> <span class='ocrx_word' id='word_1_297' title='bbox 739 3975 778 4024; x_wconf 77' lang='grc' dir='ltr'>ιο</span> 
     </span>
    </p>
   </div>
   <div class='ocr_carea' id='block_1_8' title="bbox 0 0 1368 4730">
    <p class='ocr_par' dir='ltr' id='par_1_9' title="bbox 0 0 1368 4730">
     <span class='ocr_line' id='line_1_40' title="bbox 0 0 1368 4730; baseline 0 0"><span class='ocrx_word' id='word_1_298' title='bbox 0 0 1368 4730; x_wconf 95' lang='lat' dir='ltr'> </span> 
     </span>
    </p>
   </div>
  </div>
 </body>
</html>
