2692 4730
375 445 756 514 tusutortt.
966 443 1062 530 '¹55

92 598 149 665 Sed
163 598 410 681 quemadmodum
429 598 638 662 Rornanorum
657 597 771 660 literam
795 599 832 660 V.
851 593 1012 661 consonent
1030 594 1062 660 in

92 692 264 756 nominibus
283 691 412 775 propriis
435 692 474 753 ab
502 691 565 756 aliie
580 691 700 772 quidem
720 690 843 752 librariis
865 690 989 754 Graecis
1009 706 1064 771 per

94 784 310 868 diphthongum
326 791 386 859 Ou,
413 783 450 847 ab
472 784 534 846 aliie
556 802 631 847 vero
656 803 708 867 per
728 782 842 845 literam
863 789 882 844 B
900 779 1063 866 etpteffam

93 877 312 960 saepenumero
334 877 532 958 videmusrd)
560 877 600 942 iic
620 878 649 939 in
665 877 787 952 codice,
807 895 902 958 equo
916 873 1064 960 fragmen·

94 988 158 1034 tum
179 970 315 1034 nostrum
337 971 368 1032 in
393 969 478 1034 suurn
504 969 634 1036 lexicon
658 969 763 1034 §uidae
788 969 999 1050 transscripsit,
1018 975 1066 1031 Bt·

92 1064 204 1146 prender
218 1065 267 1126 vel
280 1061 422 1143 Bupieritr
441 1062 526 1125 scribi
545 1062 686 1126 debuerat
692 1082 704 1138 ;
721 1079 758 1123 ex
777 1079 863 1143 quo,
890 1061 1015 1124 duarum
1028 1061 1065 1124 ii·

93 1174 228 1221 teramum
247 1160 427 1234 mutatione,
443 1181 460 1218 u
476 1159 548 1241 velt
566 1159 596 1221 in
608 1181 640 1236 t,
661 1155 725 1220 &r
737 1156 810 1228 int,
824 1157 988 1236 inauditum
1005 1175 1065 1219 no·

95 1269 164 1314 men
181 1248 320 1331 Bopiurdte
336 1251 379 1314 est
397 1270 546 1314 exortum.
573 1248 625 1313 De
648 1249 869 1331 permutatione
887 1269 966 1313 vero
986 1249 1064 1313 haud

94 1343 277 1428 infrequenti
302 1347 457 1410 nominum
482 1345 610 1410 Σκιπίων
631 1345 663 1408 dt
684 1346 827 1419 tetrior,
852 1343 904 1426 qui
922 1362 1008 1406 error
1031 1343 1063 1406 in

94 1439 231 1500 eiusdem
248 1437 375 1498 Viriathi
386 1433 505 1500 historia
521 1437 610 1500 etiam
623 1435 754 1498 Diodori
772 1435 860 1500 Siculi
877 1437 997 1516 eodites
1006 1453 1066 1502 oe·

95 1533 239 1613 eupavit,
258 1533 317 1593 dixi
343 1533 379 1594 ad
396 1529 528 1616 Appiapi
553 1531 627 1594 iiiii.
645 1529 767 1614 Hispan.
788 1551 854 1612 cap.
874 1551 925 1608 70.
947 1531 1065 1616 aliaque

94 1625 228 1708 exempla
245 1625 387 1709 congeffit
419 1625 589 1690 Perizonius
604 1627 633 1688 in
649 1625 808 1691 Animadv.
825 1625 929 1690 biiior.
950 1645 1015 1708 cap.
1029 1643 1066 1696 x.

96 1735 164 1800 pag.
176 1718 289 1802 tede)
302 1737 390 1801 quem
400 1719 533 1782 laudavit
550 1717 723 1801 Weiseiing.
736 1721 772 1784 ad
787 1718 1065 1786 Diodorum'Tom.
1168 1761 1172 1782 .
1199 1744 1202 1750 ·

96 1811 138 1876 ll.
158 1829 225 1894 pag.
240 1829 307 1893 5²4
328 1811 487 1876 Caeterum
504 1813 589 1896 quod
603 1815 639 1876 ad
655 1812 814 1894 Polybium
829 1817 984 1880 audiorem
998 1815 1069 1878 Fra·

97 1921 248 1988 gmenrum
259 1905 320 1970 boc
336 1908 437 1971 retulit
452 1907 665 1986 casaubonus,
682 1909 709 1973 id
724 1911 799 1974 stcut
811 1911 991 1978 confirmare
1008 1931 1068 1975 no-

97 2000 150 2062 lim
170 2001 251 2064 recte
269 1999 398 2077 indum,
415 1999 455 2063 fic
470 2021 524 2066 nec
539 2021 647 2086 negare
668 2001 768 2066 aufim.
788 2001 934 2068 Peculiari
949 2004 1018 2070 sane
1030 2005 1068 2068 ii-

97 2094 155 2156 bro
164 2095 268 2156 Bellum
286 2095 481 2157 Numantinum
495 2093 635 2178 scripstffe
647 2093 811 2176 Polybium
828 2097 949 2162 Tullius
961 2099 1071 2162 audior
1198 2149 1205 2160 .

96 2185 154 2264 etr,
176 2187 459 2252 attaminatur.
477 2187 517 2250 V.
537 2189 591 2273 Ep.
612 2209 659 2253 tt.
672 2183 674 2188 ’
689 2189 726 2252 ln
745 2192 832 2254 cuius
856 2192 920 2254 libri
939 2194 1067 2256 introitu

72 2281 275 2344 scommodus
298 2281 384 2346 iocus
403 2298 468 2345 erat
493 2283 623 2347 breviter
645 2282 746 2347 saitem
768 2283 976 2368 perstringendi
997 2283 1066 2349 beili

97 2370 272 2448 Viriathini,
295 2373 438 2455 quoniam
457 2393 475 2436 a
497 2375 637 2440 Virintbo
658 2378 802 2441 concitati
822 2397 902 2440 arma
923 2395 1068 2461 ceperant

97 2461 289 2544 Numantini,
304 2483 338 2532 ut
353 2469 442 2534 docet
457 2470 612 2556 Appianua
625 2469 708 2556 Hisp.
725 2491 792 2558 cap.
811 2473 860 2538 66.
877 2472 909 2536 dt
927 2473 980 2555 76.
995 2471 1036 2558 ⁴⁸]

560 2645 604 2708 V.

257 2771 260 2778 '
299 2758 522 2836 'ortuum
547 2777 602 2824 Ate
622 2759 863 2826 FULvtvst

137 2886 231 2951 nitur
251 2887 331 2971 apud
350 2887 468 2950 Suidam
492 2888 611 2970 reperio
633 2878 672 2950 et
686 2887 823 2960 Historia
842 2885 979 2952 Romana
1000 2905 1080 2973 por-

97 2994 216 3044 tentum
232 2981 382 3058 nominis,
402 2981 485 3064 quod
498 2981 549 3044 diu
566 2977 707 3044 incaiium
728 2999 777 3043 me
795 2982 952 3058 excreuit,
969 2999 1070 3065 neque

165 3157 242 3208 Tum.
258 3155 279 3208 1.
298 3173 357 3227 pag.
378 3171 408 3224 3²
427 3154 478 3226 seq.
497 3157 541 3211 ubi
557 3156 589 3210 de
604 3158 674 3210 varia
691 3155 800 3210 nominis
819 3153 920 3208 Wriatdt'
933 3156 1071 3229 scriptione

165 3229 301 3289 laudantur
316 3235 468 3302 interpretes
488 3236 521 3288 ad
539 3237 670 3290 Aurelium
687 3235 754 3288 virt.
774 3237 806 3289 de
822 3235 891 3288 Viris
908 3237 998 3291 illustr.
1011 3255 1070 3308 erp·
1104 3255 1107 3262 ·

168 3333 216 3378 71,
237 3333 259 3367 t.
277 3319 302 3372 ὰ
317 3315 349 3367 ad
361 3315 450 3368 Silium
468 3318 525 3369 itai.
539 3318 572 3370 X.
587 3333 648 3370 220.
668 3319 743 3386 Apud
759 3318 878 3371 Photium
891 3335 920 3386 p.
934 3319 995 3372 ⁶26.
1008 3321 1071 3374 edit.

166 3393 328 3458 idoescbeiii,
347 3395 373 3448 in
392 3397 520 3465 Excerpto
542 3414 575 3450 ex
594 3397 703 3452 Diodori
723 3398 800 3452 Siculi
822 3399 887 3451 libro
905 3399 1014 3454 ΧΧΧΙῙ.
1031 3413 1071 3459 ter

167 3470 285 3541 deinceps
302 3473 425 3542 ‘Ypierdet
445 3473 573 3527 scribitur.

119 3563 154 3634 d)
170 3562 210 3614 Sic
229 3565 296 3634 opud
312 3565 425 3619 eumdem
444 3567 546 3620 suidam
566 3566 721 3635 Barpretit,
742 3566 900 3632 Valerianum
919 3569 1070 3638 retemta.

168 3637 326 3695 Beneventum
333 3665 343 3706 ς
354 3642 439 3714 Bit'por,
453 3643 526 3698 Verus
533 3667 543 3708 3
556 3647 696 3709 limitetur,
709 3647 823 3702 Vitellius
827 3669 837 3711 ,·
849 3650 876 3702 ᾱ
884 3647 1003 3704 sexcenta
1013 3652 1068 3710 elie.

123 3737 154 3807 a)
171 3733 233 3805 rag.
250 3751 299 3802 435
316 3735 370 3808 seq.
387 3738 449 3790 edit·
466 3741 497 3792 nb
515 3739 628 3794 Hariefio
645 3756 795 3810 procuratae
809 3744 960 3816 etenumgt
979 3761 1055 3814 1771.

119 3833 157 3903 ί*
170 3828 268 3885 Censet
289 3847 355 3902 quae
374 3837 518 3906 monuimep
536 3837 568 3890 ed
587 3837 763 3910 Fragmentum
782 3837 936 3898 Hibericum
952 3852 1023 3900 ιιι.
1041 3843 1071 3898 in

169 3909 233 3969 edit.
248 3911 332 3970 nostra
347 3913 462 3988 ratpert,
479 3915 555 3971 Turn.
571 3917 607 3978 V.
622 3935 652 3990 p.
665 3935 700 3988 74
714 3917 771 3992 rip]
