2662 4742
318 425 360 498 68
521 428 592 495 ΑΝ
619 421 858 494 cuanlott
887 421 1077 490 RERUM

318 571 402 638 licui
421 591 441 634 a
458 571 559 658 puerit
573 589 665 636 caeco
679 568 775 653 prima
787 567 855 631 vice
871 566 967 634 lucem
988 563 1144 648 adspicere
1162 565 1278 630 contin·

319 666 459 748 gat,iant
477 665 598 738 omnic,
610 680 687 744 quae
702 661 787 726 fimttl
806 659 911 737 videt,
929 660 1005 723 intra
1023 659 1054 719 se
1073 677 1136 722 non
1156 676 1240 722 extra
1254 658 1281 720 le

317 759 475 826 conliituta
487 773 590 842 putet,
605 773 639 820 ut
654 755 783 830 nesciat,
802 755 855 816 bat
863 753 921 817 elle
931 754 1045 818 eadem
1063 773 1111 818 rea
1122 773 1201 836 quae
1211 753 1282 817 olim

319 873 412 918 manu
424 853 577 936 tetigeratt
594 867 628 916 ιιι
642 850 683 914 de
697 851 782 916 varia
800 867 898 913 rerum
917 870 935 913 a
953 849 1007 913 suo
1025 868 1158 932 cotpore
1174 848 1282 911 dillan·

317 949 360 1012 tia
373 967 426 1030 per
441 945 600 1028 srtnplicmn
617 945 758 1008 intuitttm
771 961 809 1006 ne
824 945 979 1008 notionem
995 944 1114 1026 qnitleut
1130 943 1222 1006 ullam
1235 944 1282 1006 in-

319 1039 450 1110 formare
466 1035 571 1122 pellit,
591 1035 640 1100 secl
662 1035 827 1119 longiffimc
841 1055 956 1101 remma
974 1055 1069 1120 aeque
1089 1055 1127 1100 ac
1145 1037 1282 1120 proxima

317 1133 355 1196 ad
366 1131 395 1202 se
412 1132 560 1212 pertinere
576 1145 674 1211 putet;
693 1130 724 1192 iu
741 1126 871 1204 summa,
888 1145 924 1192 ut
937 1129 968 1210 fi
981 1129 1099 1209 quilem
1114 1131 1209 1193 variis
1224 1149 1282 1191 no-

318 1227 450 1292 tionibus
468 1225 587 1289 aubium
602 1223 721 1298 smnat,
741 1225 777 1286 tle
793 1223 981 1307 qualitatibus
999 1240 1098 1286 autem
1114 1241 1281 1307 corporum

317 1339 401 1386 extra
418 1321 447 1383 se
458 1319 689 1383 constitutorum
708 1319 764 1394 iis,
790 1339 865 1401 quas
883 1338 936 1403 per
955 1335 1068 1381 merum
1087 1317 1232 1381 intuitum
1249 1318 1280 1384 in

318 1416 387 1500 'nafis
397 1417 576 1500 corporibus
585 1433 672 1479 etna
690 1417 838 1479 noscenti
850 1417 940 1480 nobit
952 1415 1046 1498 vulgo
1059 1411 1279 1497 persuademus,

316 1511 390 1574 nibil
405 1513 534 1592 cogitare
553 1507 658 1592 polilt,
682 1509 734 1572 nifi
752 1508 942 1594 posteaquam
965 1508 1105 1590 paulatim
1120 1508 1280 1572 omtlomm

318 1605 526 1690 perceptiones
544 1621 611 1666 cum
624 1599 720 1665 tobim
736 1601 975 1686 perceptionibus
989 1602 1233 1683 comparaverit,
1249 1601 1280 1664 δι

315 1699 456 1763 intumo
471 1694 526 1760 usu
539 1697 653 1778 opticen
671 1696 750 1778 leget
779 1696 907 1780 (quibua
930 1715 1093 1780 corporum
1116 1717 1177 1780 pro
1196 1696 1279 1758 varia

317 1796 437 1859 anobis
448 1793 580 1857 distantia
594 1791 707 1876 ligneae
723 1793 754 1855 bt
772 1793 984 1875 magnitudines
1000 1794 1176 1876 mutantur)
1192 1792 1280 1856 fuerit

316 1887 451 1952 edobiue.
472 1887 565 1968 Quae
584 1882 760 1949 obseruatio
773 1903 835 1948 non
855 1887 941 1949 meria
953 1885 1200 1970 pbilosophorum
1214 1886 1279 1968 spe·

315 1981 514 2056 tralationibus
529 1977 672 2061 debetur,
689 1977 737 2040 sed
753 1977 815 2061 ipso
832 1977 920 2041 etiam
937 1980 1142 2060 experimento
1160 1977 1279 2041 satiaeli

316 2077 527 2160 comprobata.
542 2069 679 2155 (videbe
694 2070 871 2134 Voaratae
892 2071 1102 2154 Philosophiae
1117 2073 1236 2135 Netvton
1250 2091 1280 2152 p.

320 2189 376 2250 ¹55
396 2165 479 2248 sqq.)
497 2161 546 2226 De
565 2161 746 2226 manslatsu
764 2163 844 2226 baud
861 2163 945 2225 aliter
961 2161 991 2224 se
1007 2183 1057 2226 tes
1072 2163 1172 2228 habet.
1192 2165 1279 2228 Aere

316 2257 523 2340 intemperiem
550 2255 602 2318 din
621 2271 691 2318 ante
706 2256 737 2316 in
753 2254 1001 2319 nobis·lenlimus
1021 2254 1160 2337 partimi,
1188 2275 1277 2339 quam

314 2350 353 2413 de
376 2347 488 2432 frigore
508 2347 544 2412 ad
565 2351 664 2411 aitem
685 2365 742 2410 not
759 2347 938 2411 ambientem
956 2346 1114 2410 referendo
1131 2349 1278 2430 cogitatio

314 2443 436 2510 subiret.
447 2443 550 2527 Atque
561 2441 583 2506 li
593 2439 751 2506 adtendere
766 2445 802 2505 ad
814 2443 929 2506 nostras
938 2439 1114 2506 feriationes
1123 2441 1277 2522 volumus,

315 2535 413 2600 facilis
428 2533 471 2599 cll
494 2532 684 2610 observatio,
711 2535 793 2617 quod
809 2554 862 2617 per
872 2535 1012 2618 mtemvit
1027 2532 1189 2616 limplioem
1208 2555 1279 2598 con·

314 2628 427 2700 taiium
439 2625 601 2694 cuiuslibet
617 2629 755 2711 corporis
767 2627 881 2692 externi
895 2645 958 2690 non
975 2643 1035 2690 ram
1046 2625 1210 2692 sentiamus
1224 2629 1277 2690 ali-

314 2739 407 2803 quam
418 2719 589 2803 qualitatem
605 2715 684 2782 illius
693 2721 829 2804 eorporis
837 2735 986 2786 extranee
1000 2719 1152 2784 constituti
1162 2765 1173 2796 ,
1184 2741 1275 2805 quam

317 2833 436 2878 manum
452 2811 584 2876 nostram
599 2828 684 2876 cetto
706 2813 799 2878 noan
814 2809 973 2886 odiebam,
996 2811 1047 2874 vel
1058 2831 1117 2878 noa
1131 2811 1213 2896 ipsos
1228 2833 1278 2898 po·

315 2908 376 2998 tius
390 2925 443 2991 per
458 2923 564 2970 manue
579 2903 805 2970 instrumentum
819 2925 859 2970 eo
872 2907 964 2971 modo
981 2904 1128 2971 adfeiioe.

357 2999 489 3066 XXXII.
511 2997 638 3081 Quare,
652 2999 704 3062 ubi
719 3001 878 3083 qualitates
893 2997 976 3064 sensu
994 3014 1153 3083 perceptae
1169 3019 1277 3080 eorpo-

315 3096 397 3162 ribus
410 3111 494 3158 extra
511 3113 569 3158 not
585 3093 756 3158 constitutis
772 3093 950 3169 tribuimuaa
968 3092 1124 3178 uquiaem
1134 3094 1185 3172 id,
1195 3095 1277 3180 quod

315 3209 388 3256 aete
403 3190 545 3255 lentimue
563 3205 656 3272 atque
672 3186 759 3256 sensu
777 3177 1008 3273 cognoscimus,
1029 3185 1114 3252 fateri
1132 3191 1277 3270 belimusp

270 3303 276 3315 ·
314 3284 387 3346 nibil
398 3283 475 3346 aliud
490 3279 642 3366 poffumua
656 3281 809 3366 profiteri,
833 3279 889 3344 nifi
905 3281 1009 3362 quod,
1023 3280 1093 3344 dum
1112 3300 1178 3346 uno
1194 3282 1275 3348 stulu

314 3373 404 3437 talem
419 3374 637 3454 perceptionem
657 3373 840 3454 experimur,
854 3387 908 3452 per
921 3371 998 3452 alita
1012 3368 1111 3436 sensus
1126 3391 1275 3456 urgeam

314 3471 398 3532 ισὼιι
416 3481 525 3548 tenpore
541 3466 595 3528 alia
612 3466 782 3550 perceptio,
803 3479 857 3526 aut
869 3481 921 3544 per
936 3464 1003 3526 idm
1013 3461 1115 3530 sensus
1126 3485 1274 3552 organum

308 3562 446 3642 sncceffivt
454 3555 583 3622 diversae
594 3554 820 3634 sensationet,in
836 3555 907 3622 latis
919 3556 1066 3622 constanti
1080 3562 1276 3639 ratione,no·

316 3655 363 3716 bin
372 3653 487 3718 soleant
496 3650 616 3717 adferri.
629 3654 733 3732 Atque
742 3671 793 3736 per
806 3652 977 3716 huiusmodi
989 3653 1109 3718 demutat
1123 3675 1276 3740 compara·

315 3748 429 3814 tionem
446 3750 479 3811 δι
497 3749 748 3814 combinationem
767 3747 918 3814 variarum
938 3749 1013 3812 varii
1033 3749 1150 3831 gennis
1169 3767 1275 3832 perce-

316 3841 454 3920 ptionum
469 3840 493 3905 l.
508 3840 720 3920 ίιιίιιίοιιιιιι,
739 3841 777 3908 de
789 3841 967 3926 corporibus
978 3859 1053 3906 raam
1062 3863 1114 3908 not
1130 3841 1274 3909 conbina-
