2664 4732
280 385 342 474 '¹9⁴
584 361 931 456 nrvruuutx

164 595 170 608 ,
269 529 424 614 Ιἰιθοιιιιι
442 527 651 616 ιεᾶοιιιιιιιιιιε
665 529 771 616 agendi
784 531 996 609 consiliorum,
1015 530 1048 594 in
1066 531 1154 596 rebus
1165 551 1258 617 prae·

278 620 373 685 senint
390 623 538 706 patioris
547 623 670 690 alicuius
681 625 841 703 momenti,
854 623 927 688 milui
941 623 1005 688 sum
1016 624 1174 701 conscius,
1185 625 1253 688 do-

277 713 328 780 leo
344 713 413 779 sane
428 717 549 800 quidem
566 734 636 786 cum
651 719 743 784 video
761 720 824 784 allis
838 718 1033 796 ,bominibus,
1052 718 1085 782 dt
1103 719 1250 811 cisptae-

278 803 374 873 sertitn
392 811 444 895 qui
461 811 573 894 alioqui
585 811 663 877 reete
681 813 811 882 iudicate
824 813 896 878 milti
914 810 1084 886 viderant,
1102 812 1250 880 rationem

278 922 373 968 meam
388 905 562 988 improbati,
580 905 788 989 mequeabltla
798 907 841 970 ob
854 904 986 972 melem
997 904 1251 988 vituperat-loon-

276 995 486 1081 demnatiquet
503 997 571 1075 sed,
587 998 637 1062 ubi
651 999 691 1062 ab
708 997 755 1062 ltit
772 999 930 1082 impetrare
944 1015 1064 1080 nequeo
1077 1012 1115 1060 ut
1127 1010 1247 1059 mutent

276 1087 448 1154 sententiam
467 1091 499 1156 dr
516 1093 643 1176 aequius
659 1091 697 1155 de
715 1111 764 1156 me
782 1094 877 1155 serant
896 1091 1061 1169 iudicium,
1079 1107 1146 1156 tum
1165 1107 1246 1156 veto
1296 1085 1301 1094 '

277 1181 423 1264 agnosco,
436 1185 623 1269 prudentium
635 1186 771 1270 altoquin
784 1185 820 1250 de
836 1203 884 1248 me
900 1183 1017 1249 iudiciis
1035 1201 1102 1246 eam
1124 1182 1245 1266 quidem

276 1275 341 1340 vim
353 1296 372 1341 a
382 1296 430 1341 me
446 1279 540 1343 tribui
557 1279 684 1356 debere,
704 1296 739 1344 ut
755 1279 801 1344 bis
813 1281 928 1344 exciter
940 1279 977 1342 ad
995 1279 1128 1342 animum
1142 1297 1244 1342 meum

276 1369 309 1434 ln
329 1369 461 1436 adlionee
477 1391 556 1437 meaa
576 1371 709 1437 curatius
727 1371 955 1448 intendendum,
983 1387 1017 1434 ut
1035 1371 1145 1436 cunae
1163 1371 1246 1434 vitae

277 1481 362 1526 meae
380 1463 499 1529 conblia
515 1465 551 1528 ad
571 1463 780 1550 praescriptum
806 1463 902 1528 tedae
917 1463 1039 1528 rationis
1057 1464 1091 1528 dr
1112 1462 1150 1526 ad
1166 1483 1245 1529 cou-

178 1575 182 1586 ·
276 1552 414 1620 scientiae
431 1557 536 1638 didlatq
556 1557 707 1640 diligenter
727 1559 863 1640 exigam
893 1555 978 1622 simul
996 1575 1074 1622 vero
1091 1557 1244 1640 intelligo¹

276 1671 330 1711 non
348 1649 447 1715 datum
464 1653 523 1716 boc
539 1649 596 1716 effe
613 1645 678 1716 aliis
693 1653 862 1736 dommilus,
886 1669 921 1718 ut
939 1671 1072 1718 mearum
1089 1653 1244 1718 albionum

276 1759 311 1806 ac
326 1739 490 1826 praesertim
510 1745 613 1830 agendi
626 1746 821 1812 confiliotum
833 1745 891 1810 but
901 1747 998 1812 inusta
1010 1747 1084 1811 orani
1097 1749 1246 1830 accepim

275 1835 409 1900 mbm:
427 1837 502 1922 quin
514 1839 630 1920 potius,
647 1838 869 1922 litaliealiquit
878 1839 976 1906 incidit
986 1841 1088 1920 nsua,
1106 1857 1173 1906 tum
1188 1861 1246 1906 ve·

190 1927 203 2020 J
273 1935 313 1994 ro'
335 1950 398 1996 uon
416 1929 621 2018 pulsumquin
639 1934 727 2021 supra
747 1935 914 2011 abruliam,
941 1938 999 2000 mei
1022 1935 1184 2016 stallium,
1201 1943 1245 2002 etl

275 2025 370 2087 laudes
385 2025 430 2088 trs
445 2027 572 2108 tiruptria
588 2029 684 2091 elatura
702 2051 742 2092 rte
758 2029 898 2104 sentiam,
924 2029 976 2106 dt,
995 2029 1145 2114 generoso
1160 2051 1242 2114 quo-

275 2114 341 2176 daitt
358 2113 469 2198 impetu
487 2135 594 2202 capto,
611 2118 651 2182 ab
671 2119 782 2203 iniquit
800 2139 836 2186 ac
851 2117 1003 2186 fallacibus
1023 2117 1181 2186 bominum
1197 2123 1242 2186 iu·

128 2227 131 2234 ⁴
275 2205 359 2269 diciit
369 2205 407 2268 ad
417 2207 558 2288 superioris
571 2211 688 2274 alicuius
698 2213 726 2274 d
738 2213 868 2295 aequioris
884 2213 987 2280 luditis
1004 2213 1139 2291 muel,
1157 2217 1243 2280 tulus

274 2293 340 2362 salli
351 2315 412 2360 non
425 2297 512 2382 poffit
530 2300 691 2379 sententia,
709 2325 886 2388 provocent.

316 2389 406 2454 Hisce
418 2411 455 2456 ex
468 2395 606 2460 omnibus
620 2395 772 2482 perspicue
783 2401 928 2486 planeque
936 2401 1091 2490 intelligo,
1111 2402 1149 2468 ed
1161 2421 1239 2468 con-

275 2485 389 2550 ditione
404 2507 451 2550 me
462 2485 519 2554 else
531 2490 560 2552 in
574 2491 709 2558 bac'vita
728 2493 881 2576 locatum,
898 2514 951 2577 ιιι,
967 2499 1109 2583 quamvis
1127 2498 1241 2563 inom-
1285 2540 1289 2552 ·

274 2583 361 2670 nibup
374 2585 453 2648 vitae
471 2581 618 2666 consiliio,
634 2589 699 2654 five
713 2609 802 2676 agere
814 2594 985 2680 quidpiam,
1003 2595 1067 2662 bve
1083 2597 1241 2680 quiescere

274 2677 354 2741 &ab
372 2681 487 2762 agendo
506 2684 688 2750 metetinere
703 2687 897 2767 constituam,
918 2690 1026 2754 libatam
1047 2692 1134 2754 animi
1148 2693 1240 2774 optio-

227 2851 230 2864 1
274 2797 332 2838 rrerrt
343 2772 419 2859 sequi
431 2779 584 2860 possim,
602 2783 893 2868 lamenhancipsam
903 2785 1239 2851 ment'ssmmlibem·

201 2939 203 2945 ,
274 2883 335 2932 tem
347 2867 443 2934 libens
456 2873 769 2958 atqueulnosalit'eere
785 2879 1073 2944 dt'lean'wluuati
1088 2879 1239 2962 Superioris

125 2963 134 3002 '-
273 2961 401 3030 alicuiut
412 2965 536 3033 Naturat
543 2993 557 3048 ,·
566 2966 681 3036 'scilicet
695 2969 849 3051 liiutdem,
864 2973 950 3040 cuius
962 2975 999 3040 ad
1008 2973 1179 3056 supremum
1190 2973 1240 3037 tti-

266 3057 363 3124 .bunal
376 3077 409 3126 ut
423 3061 454 3126 io
468 3063 518 3128 tali
532 3065 648 3148 qualem
668 3067 728 3131 dixi
742 3065 812 3132 casu
831 3087 997 3152 provocem
1017 3067 1172 3132 indultum
1190 3085 1238 3130 me

269 3151 383 3220 sentio:
403 3157 454 3221 cui
469 3153 572 3225 Eidem
584 3162 731 3226 rationem
742 3161 868 3228 reddere
882 3180 989 3228 teneot
1002 3163 1141 3228 omnium
1153 3182 1237 3226 meo-

270 3267 338 3313 ιιιιιι
347 3249 451 3334 agendi
460 3252 675 3330 miliorum,
700 3255 853 3340 totiusque
860 3257 982 3320 rationis
997 3257 1078 3322 vitae
1090 3255 1240 3320 inslituen·

216 3395 220 3406 .
269 3341 480 3410 daolaautem
489 3345 666 3412 hauddubie
676 3349 738 3414 non
747 3349 789 3414 cll
798 3349 887 3428 aliut,
897 3351 952 3416 nili
963 3352 1041 3416 idem
1051 3349 1103 3436 illc
1113 3367 1236 3414 naturae

269 3455 355 3503 mae
366 3439 399 3504 dt
413 3439 571 3505 universae
586 3439 722 3518 Audict,
743 3444 857 3527 generis
872 3445 996 3512 humani
1013 3443 1126 3508 Parent
1147 3461 1237 3527 atque

268 3527 441 3612 Dominus,
467 3533 552 3616 cuius
571 3529 712 3596 infinitam
732 3535 764 3599 dt
782 3539 947 3620 potentiam
963 3535 1188 3620 &sapientiam
1205 3537 1238 3598 dc

268 3619 482 3708 benignitatem
495 3625 634 3694 universa
652 3627 739 3693 huius
750 3629 989 3702 mundisabrlca‚
1011 3629 1045 3694 dc
1064 3645 1164 3694 totum
1177 3627 1237 3692 boc

267 3711 530 3798 praeclarillimum
544 3722 706 3800 ιΙιωιιιιω,
732 3721 763 3786 in
778 3741 843 3806 quo
861 3723 932 3786 mibi
949 3721 981 3786 dc
998 3721 1085 3788 locut
1103 3715 1239 3808 adsigna·

269 3821 317 3872 tue
330 3809 361 3874 dt
377 3829 477 3895 panea
488 3835 571 3884 meae
585 3815 751 3884 adttibutae
765 3813 851 3896 sunt,
872 3817 989 3882 abunde
1010 3815 1167 3926 deplorem
1187 3817 1239 3884 de·
