2654 4740
273 399 868 478 uotusuu1vrnsr.
1018 435 1055 505 ις

5 511 20 540 '⁸
88 547 120 612 in
134 545 275 626 adempte
291 548 443 632 quoddam
461 548 494 610 dt
508 549 647 614 adcurate
663 551 841 617 erlituilam
857 553 1056 639 disciplinam,
1109 593 1113 602 ·

87 641 252 726 tedgendd
264 639 430 724 cogitasset.
448 641 503 706 Sed
522 644 611 708 triliit
627 649 822 730 experientia,
844 649 997 718 latendum
1012 655 1057 718 ell

87 737 189 811 enim,
201 736 305 810 dooet,
321 735 471 798 mirenon
483 735 576 802 mado
588 739 626 800 ab
638 739 700 803 aliis
712 741 803 820 alios,
819 763 925 808 verum
936 747 967 809 dt
978 748 1057 831 ipson

86 849 144 894 noe
163 831 319 895 subindea
340 830 427 894 nobit
440 832 472 895 in
494 831 552 897 illo
571 835 691 898 maximi
713 838 856 902 momenti
872 840 982 904 iudicio
996 841 1057 906 dis·
1127 907 1133 934 Ι

85 925 209 990 sentire:
231 943 267 989 ut
279 927 337 988 iarn
357 925 496 1002 laudetur
513 927 591 990 lraud
607 931 804 1006 moabitis,
824 933 905 1016 quod
918 935 1056 1019 culpetur

84 1025 125 1086 ab
135 1023 208 1099 illm
225 1021 373 1084 &eadem
386 1018 471 1106 saepe
484 1024 587 1106 agendi
602 1025 681 1088 ratio
694 1025 732 1088 ab
745 1027 782 1091 iia
794 1025 881 1112 ipfis,
898 1031 949 1113 qui
963 1031 1055 1111 paulo

85 1133 155 1181 ante
171 1117 407 1194 danmateranr,
427 1133 499 1180 mot
520 1119 756 1202 comprobetur,
772 1138 825 1185 aut
838 1123 909 1190 viee
926 1125 1019 1190 versa
1038 1141 1051 1181 ι

150 1286 211 1338 bete
226 1283 344 1348 iubetur,
362 1297 393 1339 nt
408 1280 513 1340 videant
529 1285 742 1352 alumniatotea,
769 1285 796 1340 dc
808 1289 911 1359 gloriam
928 1289 986 1348 Deo
1004 1293 1054 1348 tti-

151 1364 231 1416 ltuete
247 1361 353 1418 discant.
669 1381 674 1386 ·

119 1459 133 1496 u
151 1442 217 1496 Cum
227 1443 278 1496 boe
291 1441 396 1496 consilio
413 1441 534 1512 dtseasat
544 1445 641 1496 maralb
659 1441 1053 1512 asapientillinroCreatorena·

149 1535 223 1576 turae
235 1521 366 1576 bominum
380 1521 490 1584 infixus,
499 1535 528 1575 ut
536 1560 545 1587 ,
554 1524 623 1593 quod
632 1521 667 1577 ess
678 1522 706 1575 in
718 1523 786 1576 omni
800 1525 854 1578 vita
868 1525 1053 1596 gravissumum,

150 1605 211 1674 quid
228 1621 329 1673 quaque
344 1602 476 1657 occafione
487 1619 502 1656 a
513 1599 585 1657 nobit
595 1601 667 1669 fieri,
685 1621 734 1675 qua
750 1603 849 1660 ratione
866 1605 1053 1680 uiributagen.

148 1685 191 1749 di,
210 1685 304 1754 quibus
321 1683 431 1736 inumeri
453 1683 552 1750 sumus,
570 1696 690 1752 oporteat
707 1685 772 1738 nti?
790 1687 867 1740 lruius
882 1699 960 1755 opera
975 1690 1052 1744 doce·

148 1771 249 1826 remora
269 1762 469 1816 consentaneum
488 1774 558 1816 certe
574 1777 646 1825 erat,
666 1775 696 1815 ut
719 1763 803 1818 fimilit
818 1765 956 1836 “demque
972 1767 1053 1823 buius

147 1842 233 1898 sensns
248 1844 291 1898 vie
306 1845 333 1898 in
348 1845 462 1898 omnium
477 1843 603 1914 mentibus
621 1844 749 1896 hominnm
764 1862 911 1902 cerneretur
917 1866 926 1908 a
947 1865 1000 1900 non
1019 1862 1050 1902 ut

148 1943 178 1980 ec
192 1923 244 1994 ipsa
254 1925 343 1996 agendi
355 1927 421 1990 tatio
438 1924 493 1978 aliia
511 1925 601 1977 naturd
614 1927 786 1979 commendata
802 1925 866 1980 esl'tt
879 1965 887 1989 ‚
899 1945 973 1997 quam
991 1929 1049 1998 alii,

154 2005 235 2058 tudem
250 2005 315 2058 duee
329 2021 436 2068 natura,
453 2003 595 2074 improbare
611 2005 827 2076 condemnareque
846 2005 1063 2061 instituerentur..

147 2083 241 2154 Neque
255 2100 347 2137 revera
361 2083 434 2138 aliter
448 2084 474 2138 sn
491 2099 533 2136 ren
545 2083 639 2136 babes:
656 2083 741 2138 eadem
756 2101 836 2149 voce,
854 2083 873 2138 fi
888 2088 965 2142 modo
975 2089 1050 2142 audi·

145 2183 175 2220 re
189 2165 315 2227 velimus,
331 2165 448 2218 omnibus
467 2179 557 2218 natura
575 2163 710 2224 adclmatc
727 2163 770 2227 dt,
790 2183 848 2236 puae
864 2169 890 2218 in
908 2171 992 2218 animis
1005 2173 1048 2220 ia·

141 2251 277 2316 privarentur
288 2246 413 2298 inchoatae
432 2249 618 2318 intelligentiae,
634 2245 743 2313 similiter
756 2248 781 2296 in
798 2247 903 2299 munus
917 2251 1049 2318 inprimun-

145 2343 198 2388 tur,
215 2341 246 2379 ut
263 2325 299 2380 esi
316 2327 383 2395 apud
404 2327 444 2380 M.
463 2327 599 2380 Tuncrum
615 2322 762 2396 elegans.
775 2340 816 2381 ιο.
831 2351 860 2367 -·
879 2325 947 2392 Quid
963 2329 1047 2400 ergo!

142 2405 220 2459 Unde
232 2406 333 2460 tandem
355 2405 416 2458 mira
437 2405 481 2458 illa
496 2405 522 2460 dc
542 2404 667 2466 insaulla,
684 2405 805 2458 derebus
816 2405 932 2458 maximis
947 2407 998 2460 lroc
1012 2425 1048 2464 ea

143 2501 251 2557 genere,
273 2485 342 2538 inter
357 2485 473 2540 hominen
490 2481 623 2551 dissensio,
647 2486 712 2538 idem
730 2485 890 2538 laudantibus
906 2485 977 2548 aliis,
989 2488 1047 2542 aliia

143 2563 376 2632 vituperantibus?
389 2563 496 2619 Duabus
512 2581 602 2634 nempe
620 2563 771 2633 poriffinun
788 2565 864 2616 rebus
876 2565 988 2618 cernitur
1002 2583 1047 2620 at·

140 2663 186 2698 ror
201 2643 347 2710 bominum,
357 2657 461 2698 naturae
472 2662 563 2700 rocem
574 2639 626 2698 iton
637 2645 837 2702 exaudientium.
849 2648 924 2698 'Tum
935 2650 1045 2716 quodid,

145 2725 179 2778 de
197 2742 268 2794 quo,
282 2724 448 2780 honestumne
466 2725 533 2780 fanu
546 2723 591 2790 lit,
604 2743 636 2778 an
650 2740 739 2796 turpe,
759 2725 904 2794 quaeritur,
924 2743 978 2780 non
996 2729 1044 2782 ad·,

143 2815 215 2858 cente
228 2802 289 2857 satit
304 2799 460 2858 confiderunt
474 2803 586 2873 seraper,
603 2805 664 2874 quid
679 2801 732 2857 fit?
746 2821 799 2874 quo
816 2803 920 2858 tendat?
939 2805 1045 2876 quaesit

141 2883 200 2935 eius
214 2883 277 2944 vis,
288 2883 332 2954 qul
347 2881 422 2946 finit,
441 2883 485 2954 qui
500 2881 625 2938 enema?
642 2899 674 2938 ex
692 2901 744 2954 quo
764 2881 811 2946 fit,
826 2899 855 2938 ut
872 2888 949 2956 plane
970 2886 1043 2938 niter

141 2959 389 3028 saepeudliciantut,
407 2977 485 3032 atque
504 2963 522 3014 li
540 2963 633 3015 renim
650 2979 702 3016 rem
715 2961 924 3018 considerassent:
942 2955 987 3033 q‘ui
1005 2981 1045 3017 er·
1084 2959 1089 2972 '

141 3057 198 3106 tor,
216 3039 318 3110 saepius
333 3041 478 3110 repetitus,
495 3041 610 3094 habitum
630 3039 728 3094 inducit
738 3043 868 3112 quemdam
880 3041 1048 3110 perverseiu.

143 3119 382 3174 nutantium
401 3117 436 3173 esl
452 3121 546 3189 vitium
571 3119 638 3182 lucc,
659 3121 728 3188 quod
746 3119 888 3181 interdum,
910 3117 1044 3174 sentiamus

92 3229 97 3242 ·
140 3195 201 3253 lic'et
216 3215 360 3272 germanam
378 3195 462 3251 sensus
476 3195 577 3249 moralis
592 3197 662 3259 vitu,
674 3197 705 3249 de
721 3197 825 3250 adilonis
836 3195 979 3268 propositae
993 3200 1043 3252 ho·

141 3275 235 3330 nestate
251 3273 444 3346 turpitudinem
451 3275 646 3341 admonentem,
672 3275 827 3346 opponimus
842 3289 924 3332 tamen
933 3277 992 3332 huic
1002 3279 1043 3331 lu·

141 3357 208 3408 dicio
223 3357 291 3409 aliud
302 3358 473 3424 contrarium,
490 3373 506 3410 e
521 3354 613 3427 prioris
628 3353 729 3426 generis
742 3372 827 3411 errore
840 3357 989 3422 oriundum,
999 3360 1042 3412 cui

142 3433 176 3486 ob
193 3436 285 3487 malum
298 3435 454 3492 contradam
475 3434 590 3487 habitum
602 3434 757 3504 pertinerint
771 3435 951 3502 adhaeremus,
961 3439 1042 3490 maio·

142 3531 243 3585 temque
259 3513 334 3568 tidem
351 3514 481 3569 babemus.

175 3593 305 3647 Vitiorum
323 3604 408 3644 autem
424 3591 514 3644 lrorum
530 3591 655 3662 triplicem
666 3592 719 3646 sere
732 3585 868 3660 rauffam‘&
882 3591 990 3658 originem
1001 3605 1042 3642 re.

142 3669 231 3739 perio:
249 3687 353 3740 quatum
366 3673 443 3738 palme
463 3669 513 3722 effe
528 3667 645 3733 videtur,
663 3669 806 3742 negligentia
823 3665 960 3736 quaedam,
976 3683 1041 3720 cun.

144 3741 190 3800 dis
204 3766 281 3817 paene
296 3743 443 3801 mortalibus
461 3748 579 3817 propria,
599 3765 665 3816 qua,
689 3747 770 3814 prima
784 3761 884 3816 quaque
899 3743 981 3814 specie
996 3761 1039 3798 re·
1075 3741 1079 3754 ’

142 3843 197 3878 tum
214 3829 344 3894 contenti,
360 3825 424 3880 licut
440 3825 515 3880 semel
531 3827 624 3896 ailquid
639 3823 720 3878 visum
737 3823 793 3892 eu,
808 3824 843 3878 ita
859 3821 1039 3896 semp‘ert'udi·

93 3897 98 3905 ’
141 3919 199 3962 cere
213 3905 339 3970 solemma
349 3907 391 3962 eui
406 3905 444 3962 tel
455 3905 553 3961 accedit'
564 3903 704 3958 obstinatur
720 3903 818 3973 quidem
828 3901 942 3973 fedat&
951 3919 1041 3974 pretet
