2662 4742
315 411 565 482 ttsctcutus
584 414 775 483 tentius.
971 437 1030 504 ιη

58 555 162 644 quod,
181 554 301 622 interea
316 559 387 622 dutn
402 559 475 624 haec
489 577 640 626 transeunt
656 563 687 626 dt
704 573 871 639 mutantur,
887 563 957 629 dum
972 565 1030 628 hac
1077 593 1080 602 ¹

58 673 96 718 et
111 669 203 734 parte
222 649 271 720 tot
288 675 327 718 res
344 654 479 735 diuersas,
505 675 631 740 quatum
649 657 722 719 aliae
738 658 807 722 alias
822 663 1031 742 consequuntur,

59 745 223 812 observate
243 748 334 824 licet,
356 747 434 812 illinc
452 749 570 812 interim
589 773 670 814 mun
690 751 802 834 idemque
821 754 850 815 dt
870 754 924 817 sibi
945 773 1031 837 quo-

58 841 226 906 bmmodo
233 842 324 923 finile
338 858 455 919 manet;
471 859 523 906 aut
541 863 610 908 cum
628 843 704 907 duae
719 863 817 908 rerum
832 845 884 910 stbi
900 847 1029 914 invicem
1131 837 1138 850 '

59 934 287 1002 succedentium
303 937 393 1004 serica
409 939 440 1002 in
458 940 513 1004 hac
529 940 674 1004 relatione
691 941 727 1002 ad
746 939 775 1004 se
793 957 898 1006 mutuo
913 941 1030 1008 conili-

60 1051 144 1098 tutae
159 1031 388 1114 intelliguntur,
399 1050 439 1096 ut
453 1047 553 1118 partes
570 1031 619 1096 vel
633 1033 764 1096 membra
780 1035 924 1118 quaedam
938 1037 1029 1103 unius

60 1126 142 1191 seriei
154 1129 245 1208 fimul
261 1128 382 1208 refilium
398 1143 467 1190 cum
484 1127 573 1190 certia
591 1127 723 1208 panibus
739 1126 824 1192 seriei
841 1129 980 1208 alterium
996 1133 1030 1222 ip

61 1239 125 1303 quo
136 1221 236 1284 etiam
249 1218 384 1282 subtilius
395 1219 563 1301 quaeritur,
584 1236 714 1302 quonam
730 1238 799 1282 cum
816 1223 951 1285 membro
964 1225 1032 1292 eiua

60 1311 161 1390 seriei,
179 1331 264 1396 quae
281 1311 371 1376 nebu
389 1311 489 1376 notior
505 1311 564 1389 esi,
583 1313 715 1396 quodvis
731 1309 895 1379 membrum
911 1316 1032 1382 alteriue

64 1401 241 1488 serieifimul
255 1407 375 1487 exsistat:
393 1422 412 1468 e
428 1405 538 1488 quibua
554 1403 617 1470 sete
635 1406 913 1489 complicationibus
921 1425 1032 1491 omnes

67 1497 220 1581 Tmpomn
235 1499 352 1560 rationes
364 1495 511 1563 exsiliunt.
528 1495 591 1561 lam
608 1497 684 1575 alia,
698 1515 793 1581 eaque
809 1495 878 1561 lane
894 1491 971 1562 haud
986 1499 1033 1564 in·

67 1591 124 1656 fimi
138 1593 307 1669 momenti,
321 1591 510 1678 complicatio
525 1593 703 1656 relationum
719 1590 779 1669 est,
794 1611 864 1656 cum
882 1593 931 1668 id,
949 1595 1032 1677 quod

66 1680 173 1748 inuna
191 1701 295 1748 tetum
312 1681 534 1748 succedentium
554 1681 629 1747 serie
646 1679 858 1758 observamus,
875 1681 1032 1750 confertur

68 1795 131 1838 cum
147 1796 207 1852 eo,
224 1775 309 1860 quod
321 1774 351 1838 in
363 1775 428 1838 aliia
438 1776 569 1854 fimililas
583 1775 712 1884 quodam
727 1774 819 1838 modo
835 1779 936 1857 aufidus
951 1777 1032 1842 licuit

67 1867 246 1947 ohservare,
263 1870 513 1953 intelligiturque,
533 1869 622 1932 initiis
640 1867 798 1944 similibus,
816 1870 906 1934 etiam
925 1869 1034 1934 couse-
1166 1899 1169 1904 ·

69 1965 184 2044 quentia
196 1965 312 2046 ubique
321 1961 407 2028 fuisse
417 1962 539 2039 similia,
554 1964 586 2027 dt
598 1961 734 2042 triciffint.
753 1963 833 2027 Tum
848 1981 946 2040 vero,
960 1982 1031 2028 cunt

67 2058 252 2144 consequens
275 2059 394 2140 aliquod
414 2075 481 2121 cum
504 2075 543 2121 eo
562 2055 770 2134 conserimus,
789 2057 871 2138 quod
888 2055 931 2120 esi
946 2074 1032 2120 aute·

69 2149 211 2230 gressum
228 2151 258 2214 id
274 2149 361 2232 saepe
375 2147 537 2230 spectatur,
559 2168 702 2233 quaenam
715 2167 761 2212 tes
772 2167 839 2214 cum
853 2149 901 2212 illa
915 2169 1031 2217 antece·

70 2243 247 2330 dentefiml
259 2247 359 2308 imme
373 2245 498 2322 suerint,
516 2246 575 2308 stne
585 2245 693 2329 quibua
703 2243 760 2312 hoc
772 2245 957 2330 consequens
970 2267 1032 2314 non

69 2336 160 2406 suerat
179 2343 281 2406 locum
296 2340 488 2406 habiturum?
506 2339 742 2424 quaenamaliae
762 2359 832 2404 cum
851 2341 908 2404 hoc
928 2343 1030 2408 conse·

69 2436 166 2512 quenti
176 2433 233 2498 stur
244 2433 433 2510 uuniuudlae,
451 2453 528 2517 quae
541 2454 578 2499 ne
591 2431 669 2517 ipsae
681 2434 799 2517 quidem
813 2431 959 2510 adessent,
975 2433 1030 2498 nist

69 2517 141 2586 idem
155 2523 226 2588 illud
243 2522 380 2606 lupetius
397 2519 612 2606 praecesstlleti
632 2524 724 2600 item,
745 2525 914 2607 qualesnam
929 2541 1030 2588 muta·

70 2615 180 2697 tiones',
194 2615 357 2702 qualesque
373 2635 420 2680 tes
438 2615 629 2694 interimite,
647 2615 685 2678 ad
701 2615 834 2698 eamdem
848 2615 948 2682 seriem
964 2637 1031 2698 pet·

71 2709 210 2790 inemec,
229 2709 355 2776 discerni
374 2709 522 2794 potuerint
540 2709 618 2774 inter
637 2727 728 2786 eum,
749 2727 838 2791 quem
854 2709 942 2774 initio
961 2709 1030 2794 spe-

71 2799 233 2881 davimut‚
250 2823 348 2868 rerunt
369 2803 604 2868 antecedentium
624 2800 750 2879 statum,
767 2819 859 2885 atque
875 2803 973 2876 hunc,
991 2806 1028 2865 de

72 2901 252 2982 quoaqitur,
265 2897 369 2962 ilatum
380 2897 632 2984 consequentem?
661 2895 739 2978 Quo
751 2895 1030 2980 setetotogenere,

67 2993 219 3076 sauffnann
238 2994 424 3076 plyscarum,
448 3011 525 3074 quae
548 2992 710 3066 dicuntur,
734 2991 885 3072 equibus
907 3007 1030 3052 natutae

71 3081 271 3163 pluenomena
294 3086 430 3170 explicari
455 3085 570 3159 sobna,
596 3087 678 3149 ratio
703 3085 883 3148 continetur.
920 3085 1030 3168 Ceuffae

71 3175 214 3258 efficientis,
238 3199 310 3245 vere
333 3181 522 3254 nominatae,
546 3177 700 3242 notionem
725 3173 1041 3252 habebimus,s1re'i'

72 3271 278 3357 cuiuscunque
299 3291 399 3338 ortum
421 3273 454 3336 dt
476 3271 589 3338 initium
613 3271 765 3335 referimus
784 3271 820 3334 ad
839 3271 1030 3340 substantiam

73 3371 225 3446 quamdam
244 3370 276 3434 vi
293 3371 397 3456 agendi
414 3369 592 3456 praeditam,
614 3385 696 3451 quae
715 3365 872 3430 substantia
891 3385 958 3430 ante
974 3367 1032 3430 ad·

73 3457 171 3543 suerit,
186 3484 277 3547 quam
291 3466 404 3531 cecilia
419 3468 564 3538 oriretur,
574 3463 612 3527 'dt
630 3463 671 3526 ita
684 3459 820 3547 quidem,
833 3477 867 3525 ut
879 3461 951 3524 ltaec
966 3477 1030 3524 nott

73 3551 158 3622 fuerit
173 3559 330 3638 secutura,
346 3557 400 3621 nist
418 3555 580 3640 antegreffa
597 3553 667 3620 esset
684 3557 751 3627 aliie
769 3554 929 3636 quaedam,
950 3569 1029 3634 quae

72 3650 770 3735 abillasubstantia,nmquamasniielloagrnte,
783 3643 1026 3728 fuerirproseda.
1126 3707 1129 3714 ,

73 3740 231 3831 Denique,
247 3747 311 3812 sive
329 3764 428 3811 rerum
448 3743 642 3817 consecutio,
659 3737 723 3801 sive
737 3737 824 3800 etiam
839 3737 1028 3816 coniundio,

73 3841 242 3906 conseratur
254 3861 323 3908 tum
335 3842 369 3908 vi
381 3855 474 3924 atque
487 3836 637 3923 putedare
648 3831 784 3898 Naturae
793 3833 944 3898 cuiusdam
955 3831 1029 3898 asli·
