2662 4742
309 397 584 505 ‘enselcunus
604 403 789 474 TERTIUS.
982 425 1039 476 tat
1114 451 1123 472 .

58 563 231 636 putannttg
251 551 286 616 dt
299 551 342 616 iili
356 552 437 616 ultro
450 551 538 618 etiam
553 554 738 638 largiuntur,
755 554 895 620 notiones
908 553 1042 634 uoiitaa.

59 663 214 728 quatenus
234 645 276 708 ad
295 661 346 708 rea
363 645 492 708 obiediae
508 645 695 722 referuntur,
716 648 772 710 iam
792 663 852 712 non
870 667 965 712 metat
980 646 1040 714 effe

58 739 222 812 meones.
237 737 291 804 sed
302 740 340 802 ad
350 738 427 800 idam
439 740 561 801 aiteram
572 741 679 804 mentis
687 738 864 806 funuimtm
871 743 1040 826 pertinere,

58 851 137 916 quae
150 832 293 895 iudicium
307 850 325 893 a
337 830 456 912 Logicia
468 831 643 914 adpeliatur.
658 849 669 886 ι

98 923 178 991 vn.
202 925 319 990 Altero
332 921 426 987 modo
440 924 508 989 Idrir
520 925 735 990 velitationibus
748 926 918 1005 bominum,
932 945 1040 1011 quem-

60 1019 230 1082 admodum
241 1017 412 1082 cuilibetrri
422 1015 652 1082 confidentioni
663 1020 782 1082 nostrae
799 1021 924 1096 abidae,
938 1021 1042 1084 Vtrirar

61 1113 211 1192 quaedam
229 1110 325 1174 tn'bui
339 1111 471 1192 potetit;
486 1127 549 1174 non
565 1109 661 1175 solum
677 1109 745 1190 iila,
769 1129 846 1195 quae
859 1131 955 1177 retum
970 1131 1042 1176 om·

62 1204 144 1268 nium
163 1205 347 1270 communis
364 1205 553 1288 perhibetur,
579 1208 754 1290 metaphysica
759 1232 772 1284 ,·
791 1205 838 1274 sed
854 1210 884 1272 dt
898 1227 934 1272 ea
950 1207 1043 1290 potis·

62 1297 190 1377 iturum,
212 1321 310 1384 quam
325 1303 466 1384 piyfirrm
485 1301 616 1364 terimur
637 1301 783 1366 ditimutt
803 1321 883 1384 qua,
900 1299 976 1365 itcut
996 1319 1044 1370 rea

63 1411 202 1476 quaeque
219 1396 253 1456 in
270 1411 311 1456 eo
326 1410 454 1475 genere,
473 1391 510 1455 ad
527 1393 610 1475 quod
632 1392 710 1456 iilam
730 1391 884 1457 referimus
898 1395 929 1458 dt
946 1409 1043 1475 aquo

64 1503 177 1550 nomen
193 1489 227 1552 ei
245 1489 524 1570 impunitumve
539 1487 663 1564 dicitur,
682 1489 715 1554 dc
732 1508 789 1570 repr
805 1488 940 1550 nonium
955 1487 1046 1550 habe·
1127 1507 1130 1512 ’

66 1579 170 1655 tut,fi
189 1599 263 1644 eam
281 1579 387 1642 habeat
402 1596 537 1646 naturam
556 1599 666 1666 eatque
682 1581 896 1664 proprietates,
916 1599 995 1662 quae
1011 1582 1043 1644 in

66 1685 227 1754 eugenete
239 1673 450 1755 requiruntur,
459 1692 577 1758 quaeve
587 1674 774 1750 meminero,
784 1692 848 1757 quo
861 1671 938 1740 istud
948 1689 1045 1755 genite

68 1761 272 1842 adpetimus,
289 1762 471 1840 indicantur;
483 1764 771 1838 ficvrtafuetitidea,
785 1789 846 1827 vera
856 1765 947 1838 notio,
957 1764 1047 1846 quid·
1096 1757 1102 1765 '

69 1854 139 1933 quid
156 1874 229 1922 eam
248 1857 313 1920 vitu
330 1857 538 1940 rationemque
555 1856 681 1935 habeat,
705 1859 794 1939 quam
811 1857 857 1920 his
874 1857 974 1920 verbis
990 1856 1046 1919 de·

71 1945 213 2030 Qnatam
232 1949 421 2014 volemum
447 1949 555 2032 Quare
574 1968 667 2032 quum
685 1950 723 2014 ad
742 1949 825 2014 ideae
845 1952 896 2013 vel
914 1949 1046 2014 notionis
1171 1959 1173 1964 '

70 2041 220 2106 tationem
235 2043 278 2106 nii
292 2041 347 2106 nidi
363 2042 424 2108 hoc
438 2043 622 2126 requiratur,
636 2058 671 2106 ut
682 2042 805 2125 aliquid,
821 2041 1043 2126 qualecumque

74 2132 174 2213 hieru,
193 2141 239 2203 ita
256 2137 408 2220 cogitetur
425 2136 474 2200 vel
491 2153 591 2200 mente
609 2135 803 2220 pero'piatut,
822 2153 856 2200 ut
870 2137 927 2202 iam
939 2133 1044 2200 iliuda

74 2227 184 2313 reliqua
197 2232 290 2297 turba
303 2251 404 2296 rerum
416 2230 507 2294 menri
520 2230 690 2296 oblatarum
702 2229 919 2307 discernamutp
932 2243 979 2293 tot
991 2229 1044 2292 ita·

75 2317 209 2392 bebimus
220 2347 300 2388 uuas
312 2327 386 2388 idm
398 2327 446 2390 vel
460 2327 620 2402 notiones,
635 2342 710 2410 quot
723 2343 771 2389 res
784 2325 970 2410 cogitatione
982 2323 1043 2386 dis-

75 2417 237 2486 cernimur:
254 2435 349 2502 atque
365 2419 464 2482 verbo
480 2419 609 2504 cuipiam
632 2418 693 2490 five
711 2418 837 2482 termino
853 2435 927 2481 vete
942 2417 1045 2481 nomi·

78 2525 170 2576 natam
189 2512 381 2578 subiiciemus
400 2513 519 2590 ideam,
541 2512 564 2574 fi
584 2531 647 2578 tem
667 2513 838 2596 quampiam
861 2511 1043 2594 cogitatione

77 2621 248 2692 conceptam
260 2624 340 2688 voce
350 2605 401 2670 ida
410 2605 604 2690 defignamut.
619 2603 776 2686 Quoniam
789 2624 863 2668 veto
877 2607 1042 2670 etiamtum

81 2701 171 2764 verbo
183 2699 332 2764 subiicere
348 2699 503 2764 notionem
513 2697 693 2771 censemur,
706 2699 760 2763 ubi
772 2717 837 2764 eam
848 2697 966 2782 quidem
978 2717 1042 2762 nou

80 2791 134 2854 iant
146 2795 328 2878 praesentem
343 2795 444 2859 animo
457 2792 599 2868 animur,
621 2794 671 2857 sed
685 2785 797 2858 c'onscii
811 2811 910 2860 tamen
924 2793 1042 2869 sumna,

82 2885 157 2968 poiie
171 2909 233 2953 not·
241 2907 323 2964 eam,
340 2886 459 2953 fimulac
472 2890 666 2964 voluerimus,
680 2887 865 2971 cogitatione
874 2883 1046 2970 repraesen-

82 2992 159 3060 tate;
171 3003 211 3048 eo
227 2983 280 3059 iit,
296 2999 332 3048 ut
340 3001 568 3066 nonnumquam
578 2985 666 3047 nobie
676 2979 928 3065 persuadeamus,
945 2977 1043 3040 notin

82 3088 195 3149 promtu
204 3077 275 3140 iliud
286 3076 411 3149 habete,
429 3075 638 3156 quodtamen‚
654 3073 703 3135 ubi
714 3090 763 3133 tea
773 3069 885 3152 poscit,
898 3067 1043 3149 praestate

84 3177 141 3225 non
154 3169 297 3232 valemus.
324 3166 404 3245 Quo
416 3163 536 3245 quidem
548 3161 616 3227 casu
625 3159 702 3243 saiso
714 3161 851 3223 nominata
863 3161 935 3237 erit,
953 3179 1043 3243 quam
1178 3179 1181 3186 ’

84 3259 252 3334 putabamus
265 3257 375 3322 habere
389 3255 566 3332 notionem
590 3271 682 3336 quam
692 3251 762 3315 scite
771 3255 933 3334 deceptricem
943 3255 1048 3317 Woe-

86 3357 153 3410 etus
164 3351 302 3416 vomuit.
317 3364 329 3418 ι
350 3346 442 3412 Haud
456 3343 724 3420 enumeratione,
740 3345 823 3410 sensu
838 3365 935 3411 tamen
951 3347 1044 3434 paulo

84 3435 225 3520 neuton,
242 3445 467 3508 Latutttttusa
477 3441 582 3526 βψω
594 3440 678 3504 idean
689 3443 840 3522 nominat,
858 3443 909 3508 vei
927 3445 1054 3508 cli'me*

115 3573 126 3609 ι
144 3561 363 3616 vinetorum«
380 3562 436 3616 Lib.
447 3561 482 3616 11.
499 3577 576 3631 oga.
592 3559 694 3631 μς.
705 3581 733 3628 4.

25 3693 26 3706 ,
114 3653 129 3694 a
146 3641 201 3709 Qua
216 3643 249 3698 de
266 3643 296 3695 vi
311 3643 384 3696 verbi
400 3641 452 3710 agit
472 3640 537 3693 iden
564 3639 697 3695 docatus
724 3639 756 3693 1..
772 3640 809 3694 11.
825 3653 851 3695 c.
861 3653 904 3709 ιι.
920 3637 988 3712 §.et
1001 3639 1047 3711 qui

141 3723 211 3776 locat
223 3723 392 3779 contuendus
407 3719 444 3777 est
458 3737 517 3775 cum
530 3720 560 3773 L.
570 3721 618 3774 lv.
636 3736 660 3775 e.
671 3737 695 3785 5.
707 3720 734 3790 ς.
746 3723 795 3777 ult.

117 3813 130 3868 3
147 3799 175 3852 in
188 3799 291 3874 logica,
311 3801 339 3872 ς.
351 3806 394 3872 38.

116 3895 132 3944 4
149 3879 177 3938 ῙΠ
191 3882 391 3940 Melitadl'om'dua
405 3887 433 3940 dd
451 3879 1046 3957 cOfflffiOBGRCrTeneopmflipt1⁶¹³·ae
