2654 4740
263 401 306 467 rt
468 393 538 484 au
566 381 809 458 centron
838 378 1036 454 annunt

262 547 326 612 dne.
360 535 438 606 llam
458 557 544 603 mat
560 535 699 620 quidem,
714 549 748 598 ut
767 532 880 596 abhoc
898 531 1050 616 incipiant,
1068 527 1138 596 lieet
1153 541 1226 594 eor·

262 638 332 726 pori
350 634 439 700 alicui
456 631 546 717 perse
564 631 695 716 speetzto
707 629 848 711 proprius
859 627 974 692 dicatur
983 649 994 704 ;
1011 645 1113 712 aperte
1125 643 1226 692 tamen

262 735 306 800 eli
317 729 481 806 eiusmodi,
498 745 552 802 ut,
571 725 675 790 oliab
694 724 782 788 huius
798 725 933 810 corporis
950 743 1020 788 curn
1038 723 1102 786 aliie
1118 739 1227 807 corpo·

262 830 346 893 tibuit
369 815 593 908 comparatione
616 820 717 904 quoad
734 817 821 884 sitnm
849 819 882 884 dt
904 835 1024 903 tenipus
1041 814 1227 895 ditoelleris,

262 921 344 987 nulla
358 919 484 983 omnino
503 915 566 979 eiua
578 915 663 978 notin
677 913 870 998 relinquatur.
893 913 1001 994 Quietis
1020 927 1121 976 autern
1140 911 1228 974 notio

263 1016 383 1092 omnis,
404 1031 492 1096 quarn
507 1011 664 1083 habentus,
681 1026 744 1072 non
761 1006 817 1070 nist
836 1009 866 1070 in
883 1006 944 1072 laoc
961 1005 1051 1082 inell,
1071 1021 1105 1068 ut
1124 1021 1230 1070 motus

262 1111 350 1174 notio
368 1107 468 1168 anitno
483 1119 632 1187 concepta
647 1101 844 1187 supponatur,
859 1098 907 1164 sed
928 1117 1052 1184 negetur
1071 1099 1101 1163 in
1120 1118 1157 1166 ea
1173 1117 1230 1178 re,

264 1203 302 1267 de
323 1218 384 1286 qua
402 1197 581 1282 quaeritur,·
589 1209 709 1257 morunt
720 1195 812 1258 ullunt
824 1192 915 1258 cerni.

306 1291 418 1360 lleV.
438 1288 567 1355 Caetera
584 1303 683 1351 autern
700 1305 777 1371 quae
789 1287 825 1349 ad
841 1287 901 1350 ltoc
914 1305 1008 1370 genus
1025 1281 1230 1372 primariorum

262 1373 440 1474 qualitatum
455 1380 642 1458 referamur,
657 1382 791 1462 uoeafin,
802 1381 910 1462 figora,
920 1381 1079 1444 memte
1086 1383 1231 1466 ,θεωρη-

263 1483 347 1558 m,
371 1481 441 1544 item
455 1495 542 1539 morus
559 1475 676 1557 partitam
691 1471 864 1548 uteffinus,
881 1473 1051 1537 tribuuntur
1074 1473 1144 1538 illae
1161 1476 1233 1558 qui·

265 1578 331 1642 dein
349 1574 479 1660 quodam
499 1569 591 1634 modo
610 1566 789 1649 corporibus
807 1565 924 1650 iugulis
940 1567 974 1632 dr
994 1565 1142 1650 figillnrint
1161 1567 1232 1650 spe-

264 1671 368 1747 dlatia3
386 1684 494 1747 nempe
507 1663 567 1726 hoc
581 1663 689 1739 ntndo,
703 1679 738 1728 ut
750 1662 878 1746 quodvis
893 1681 998 1735 unm,
1015 1662 1151 1746 quodvis
1163 1681 1232 1724 rou·

263 1783 419 1850 gngaoott,
443 1757 528 1842 qnod
543 1775 694 1838 tamquam
712 1777 794 1820 mutu
814 1753 1000 1819 considerare
1016 1754 1150 1839 placuit,
1171 1757 1233 1819 iant

264 1856 410 1940 ipcfletut
420 1867 502 1915 extra
518 1848 693 1930 relationem
711 1867 779 1912 cuna
795 1846 861 1912 alin
871 1848 1074 1930 congregatis,
1096 1867 1176 1931 quae
1193 1847 1233 1911 ab

264 1949 320 2012 illo
333 1942 447 2010 nitela
460 1939 535 2004 sunt.
557 1939 612 2003 Sed
634 1940 713 2004 nulla
734 1958 834 2004 tannen
847 1939 953 2004 hatum
971 1939 1145 2024 qualitatum
1156 1960 1234 2004 con·

266 2041 330 2127 cipi
354 2055 408 2103 aut
425 2034 546 2118 intelligi
567 2033 683 2116 potell,
705 2034 758 2098 nili
774 2037 806 2098 io
824 2034 889 2119 ipso
909 2037 970 2099 hoc
988 2057 1064 2110 uno,
1088 2035 1128 2102 de
1145 2039 1235 2104 coint

266 2135 408 2222 qualitate
425 2130 600 2214 quaeritur,
615 2128 673 2190 iarn
690 2129 798 2194 iterum
813 2131 915 2212 plura,
933 2143 1086 2215 tamquam
1106 2130 1167 2195 ase
1185 2133 1235 2196 in·

267 2233 366 2296 vicem
383 2222 520 2300 diversa,
539 2221 598 2286 ulia
618 2235 701 2286 extra
722 2223 780 2286 alia
801 2223 982 2301 conditura,
1003 2227 1235 2308 dintinguantur.

269 2321 375 2406 Atque
388 2318 420 2382 in
440 2318 549 2380 horum
564 2313 694 2396 ipsorum
713 2317 831 2402 plurium
851 2318 946 2401 (quas
962 2335 1050 2400 parter
1067 2317 1145 2401 illiue
1163 2339 1237 2387 ont-

267 2417 370 2500 potis,
390 2411 472 2497 quod
497 2427 647 2492 tamquam
676 2431 757 2474 unum
777 2409 960 2474 considerate
980 2411 1109 2496 placuit,
1134 2433 1237 2480 voce·

269 2525 352 2584 tnuc;
374 2521 450 2588 quaa
462 2520 559 2586 parter
572 2497 631 2565 effe
652 2503 743 2566 etiam
758 2501 834 2585 ipsas
851 2526 913 2566 teta
932 2524 1040 2589 rotpnta
1056 2506 1088 2568 in
1103 2504 1236 2588 physici·

177 2598 182 2607 “
267 2597 415 2682 ἀοιιιιιτ)
429 2597 460 2660 in
469 2595 605 2674 illerum,
618 2596 760 2678 inquam,
773 2594 902 2678 pluriuot
914 2599 1057 2681 partiunt,
1068 2598 1099 2660 in
1113 2598 1236 2666 illorum

266 2693 395 2780 plotium
414 2691 686 2776 corpusculorum,
707 2693 800 2754 nand
814 2693 939 2757 amum
956 2695 1063 2758 mord
1076 2695 1237 2778 qualitates

267 2789 339 2856 iliae
353 2804 526 2852 cernuntur.

290 2939 295 2958 ,
309 2879 410 2947 XXV.
431 2877 538 2962 Quare
555 2878 595 2941 ab
611 2873 669 2941 ulit
689 2873 884 2940 relationibus
900 2876 1045 2954 amois,
1071 2879 1109 2942 de
1124 2877 1239 2963 quibui

267 2975 357 3059 supra
374 2974 469 3040 verba
488 2971 633 3046 -lccinrus,
662 2968 717 3032 irae
738 2967 891 3052 qualitates
910 2969 983 3036 nihil
999 2968 1163 3048 differunt,
1182 2969 1239 3036 nili

268 3068 351 3152 quod
365 3066 421 3130 hae
435 3063 492 3128 lint
510 3061 668 3130 relationes
681 3059 758 3122 inter
781 3059 894 3124 minora
910 3079 1037 3144 corpora
1051 3063 1241 3130 interceden-

268 3177 335 3236 tes,
351 3158 420 3225 illae
436 3159 512 3222 inter
522 3155 646 3226 maiora
672 3151 761 3218 Unde
772 3169 964 3238 utrarumque
976 3154 1078 3219 eadent
1091 3157 1170 3220 tario
1180 3156 1242 3234 ell3

267 3275 303 3321 nt
318 3255 471 3320 fatendum
487 3251 539 3330 lit,
564 3237 604 3335 ι)
633 3250 671 3314 dc
686 3247 811 3334 ipsarum
828 3251 946 3332 partium
963 3270 1077 3325 merra,
1097 3253 1241 3337 equibus

269 3349 398 3414 maiores
415 3347 508 3410 otoler
525 3345 591 3408 lunt
608 3343 809 3428 committe,
829 3362 881 3428 pet
891 3343 956 3408 illas
971 3343 1148 3427 qualitates,
1158 3365 1241 3431 quae

271 3457 381 3504 ruerant
404 3455 556 3501 externam
582 3435 690 3502 harum
710 3437 839 3520 pattium
858 3435 1032 3500 relationem
1049 3438 1242 3521 exprimunt,

270 3529 344 3595 nihil
361 3526 419 3592 elle
438 3545 637 3612 compertum.
660 3527 701 3612 a)
728 3527 790 3593 illio
805 3528 874 3614 ipit
886 3527 1075 3613 qualitatihus
1091 3531 1243 3614 cognitis,

272 3625 333 3688 iant
349 3643 512 3708 cntpntuna
529 3641 780 3708 congregatorum
802 3625 947 3689 ioretnaut
966 3643 1102 3690 naturam
1116 3645 1152 3689 ac
1165 3645 1243 3712 qua·

272 3720 387 3782 litarent
402 3737 465 3782 nnn
482 3720 574 3804 magis
587 3717 645 3784 elle
658 3717 859 3804 peripedann
874 3738 965 3804 quant
980 3719 1053 3784 ntilti
1070 3719 1244 3784 diffitorunt

196 3831 201 3838 ·
271 3811 508 3880 illorutntcrlus
524 3810 751 3900 septentriones
770 3833 935 3900 corporum
955 3813 1129 3882 coelclliutn
1147 3833 1244 3882 natu·
