<?xml version="1.0" encoding="UTF-8"?>
<!DOCTYPE html PUBLIC "-//W3C//DTD XHTML 1.0 Transitional//EN"
    "http://www.w3.org/TR/xhtml1/DTD/xhtml1-transitional.dtd">
<html xmlns="http://www.w3.org/1999/xhtml" xml:lang="en" lang="en">
 <head>
  <title>
</title>
<meta http-equiv="Content-Type" content="text/html;charset=utf-8" />
  <meta name='ocr-system' content='tesseract 3.04.00' />
  <meta name='ocr-capabilities' content='ocr_page ocr_carea ocr_par ocr_line ocrx_word'/>
</head>
<body>
  <div class='ocr_page' id='page_1' title='image "./opusculaacademi00schwgoog_0131.png"; bbox 0 0 2662 4742; ppageno 0'>
   <div class='ocr_carea' id='block_1_1' title="bbox 306 381 1169 459">
    <p class='ocr_par' dir='ltr' id='par_1_1' title="bbox 306 381 1169 459">
     <span class='ocr_line' id='line_1_1' title="bbox 306 381 1169 459; baseline -0.003 0"><span class='ocrx_word' id='word_1_1' title='bbox 306 407 367 459; x_wconf 88' lang='lat' dir='ltr'>tro</span> <span class='ocrx_word' id='word_1_2' title='bbox 405 381 738 456; x_wconf 67' lang='lat' dir='ltr'>§eunomianum</span> <span class='ocrx_word' id='word_1_3' title='bbox 759 382 1169 456; x_wconf 66' lang='lat' dir='ltr'>neruosormcnnum</span> 
     </span>
    </p>
   </div>
   <div class='ocr_carea' id='block_1_2' title="bbox 291 533 1323 2220">
    <p class='ocr_par' dir='ltr' id='par_1_2' title="bbox 302 533 1280 1077">
     <span class='ocr_line' id='line_1_2' title="bbox 303 533 1280 644; baseline 0.003 -45"><span class='ocrx_word' id='word_1_4' title='bbox 303 552 382 619; x_wconf 87' lang='lat' dir='ltr'>quae</span> <span class='ocrx_word' id='word_1_5' title='bbox 391 536 522 598; x_wconf 85' lang='lat' dir='ltr'>rationes</span> <span class='ocrx_word' id='word_1_6' title='bbox 533 535 697 612; x_wconf 84' lang='lat' dir='ltr'>ineundae,</span> <span class='ocrx_word' id='word_1_7' title='bbox 710 553 773 618; x_wconf 90' lang='lat' dir='ltr'>quo</span> <span class='ocrx_word' id='word_1_8' title='bbox 784 533 924 598; x_wconf 85' lang='lat' dir='ltr'>saeiisime</span> <span class='ocrx_word' id='word_1_9' title='bbox 935 535 1171 620; x_wconf 76' lang='lat' dir='ltr'>cerdssrmeque,</span> <span class='ocrx_word' id='word_1_10' title='bbox 1185 535 1280 644; x_wconf 80' lang='lat' dir='ltr'>&#39;qqid-</span> 
     </span>
     <span class='ocr_line' id='line_1_3' title="bbox 303 628 1279 716; baseline 0.008 -24"><span class='ocrx_word' id='word_1_11' title='bbox 303 630 374 714; x_wconf 91' lang='lat' dir='ltr'>quid</span> <span class='ocrx_word' id='word_1_12' title='bbox 385 631 435 692; x_wconf 89' lang='lat' dir='ltr'>vel</span> <span class='ocrx_word' id='word_1_13' title='bbox 449 630 485 692; x_wconf 88' lang='lat' dir='ltr'>ad</span> <span class='ocrx_word' id='word_1_14' title='bbox 495 629 678 692; x_wconf 77' lang='lat' dir='ltr'>securitatem</span> <span class='ocrx_word' id='word_1_15' title='bbox 702 631 753 694; x_wconf 88' lang='lat' dir='ltr'>ves</span> <span class='ocrx_word' id='word_1_16' title='bbox 764 631 802 692; x_wconf 87' lang='lat' dir='ltr'>ad</span> <span class='ocrx_word' id='word_1_17' title='bbox 820 628 944 694; x_wconf 85' lang='lat' dir='ltr'>salutem</span> <span class='ocrx_word' id='word_1_18' title='bbox 957 631 1178 716; x_wconf 72' lang='lat' dir='ltr'>omngeuque</span> <span class='ocrx_word' id='word_1_19' title='bbox 1188 651 1279 700; x_wconf 80' lang='lat' dir='ltr'>eom·</span> 
     </span>
     <span class='ocr_line' id='line_1_4' title="bbox 302 721 1277 810; baseline 0.005 -22"><span class='ocrx_word' id='word_1_20' title='bbox 302 723 409 801; x_wconf 86' lang='lat' dir='ltr'>moda,</span> <span class='ocrx_word' id='word_1_21' title='bbox 427 723 487 788; x_wconf 83' lang='lat' dir='ltr'>srva</span> <span class='ocrx_word' id='word_1_22' title='bbox 507 721 628 799; x_wconf 84' lang='lat' dir='ltr'>noiira,</span> <span class='ocrx_word' id='word_1_23' title='bbox 645 723 707 788; x_wconf 82' lang='lat' dir='ltr'>srve</span> <span class='ocrx_word' id='word_1_24' title='bbox 726 743 832 790; x_wconf 85' lang='lat' dir='ltr'>eorum</span> <span class='ocrx_word' id='word_1_25' title='bbox 847 727 1025 810; x_wconf 76' lang='lat' dir='ltr'>quibuscum</span> <span class='ocrx_word' id='word_1_26' title='bbox 1041 727 1199 805; x_wconf 79' lang='lat' dir='ltr'>vivimus,</span> <span class='ocrx_word' id='word_1_27' title='bbox 1222 747 1277 794; x_wconf 86' lang='lat' dir='ltr'>aut</span> 
     </span>
     <span class='ocr_line' id='line_1_5' title="bbox 302 817 1275 903; baseline 0.008 -23"><span class='ocrx_word' id='word_1_28' title='bbox 302 818 392 902; x_wconf 71' lang='lat' dir='ltr'>ipsius</span> <span class='ocrx_word' id='word_1_29' title='bbox 403 817 521 884; x_wconf 81' lang='lat' dir='ltr'>suturae</span> <span class='ocrx_word' id='word_1_30' title='bbox 535 819 624 882; x_wconf 82' lang='lat' dir='ltr'>etia‘m</span> <span class='ocrx_word' id='word_1_31' title='bbox 639 819 743 883; x_wconf 70' lang='lat' dir='ltr'>amatia</span> <span class='ocrx_word' id='word_1_32' title='bbox 752 867 763 896; x_wconf 93' lang='lat'>,</span> <span class='ocrx_word' id='word_1_33' title='bbox 772 818 909 884; x_wconf 71' lang='lat' dir='ltr'>essedum</span> <span class='ocrx_word' id='word_1_34' title='bbox 923 821 1078 903; x_wconf 73' lang='lat' dir='ltr'>cupimus,</span> <span class='ocrx_word' id='word_1_35' title='bbox 1093 824 1227 886; x_wconf 74' lang='lat' dir='ltr'>adbibita</span> <span class='ocrx_word' id='word_1_36' title='bbox 1236 827 1275 888; x_wconf 77' lang='lat' dir='ltr'>ed</span> 
     </span>
     <span class='ocr_line' id='line_1_6' title="bbox 302 909 1275 1002; baseline 0.009 -30"><span class='ocrx_word' id='word_1_37' title='bbox 302 927 355 974; x_wconf 87' lang='lat' dir='ltr'>eas</span> <span class='ocrx_word' id='word_1_38' title='bbox 368 927 429 984; x_wconf 82' lang='lat' dir='ltr'>ret,</span> <span class='ocrx_word' id='word_1_39' title='bbox 448 927 522 993; x_wconf 81' lang='lat' dir='ltr'>quas</span> <span class='ocrx_word' id='word_1_40' title='bbox 537 925 641 973; x_wconf 87' lang='lat' dir='ltr'>natura</span> <span class='ocrx_word' id='word_1_41' title='bbox 657 909 874 995; x_wconf 78' lang='lat' dir='ltr'>suppeditabat,</span> <span class='ocrx_word' id='word_1_42' title='bbox 895 912 1050 978; x_wconf 88' lang='lat' dir='ltr'>bominum</span> <span class='ocrx_word' id='word_1_43' title='bbox 1064 915 1165 999; x_wconf 78' lang='lat' dir='ltr'>operi</span> <span class='ocrx_word' id='word_1_44' title='bbox 1180 933 1275 1002; x_wconf 85' lang='lat' dir='ltr'>atque</span> 
     </span>
     <span class='ocr_line' id='line_1_7' title="bbox 303 1001 637 1077; baseline -0.003 -9"><span class='ocrx_word' id='word_1_45' title='bbox 303 1001 458 1077; x_wconf 77' lang='lat' dir='ltr'>industria,</span> <span class='ocrx_word' id='word_1_46' title='bbox 481 1003 637 1068; x_wconf 83' lang='lat' dir='ltr'>efficiatur.</span> 
     </span>
    </p>

    <p class='ocr_par' dir='ltr' id='par_1_3' title="bbox 291 1096 1323 2220">
     <span class='ocr_line' id='line_1_8' title="bbox 343 1096 1272 1186; baseline 0.012 -27"><span class='ocrx_word' id='word_1_47' title='bbox 343 1096 428 1160; x_wconf 83' lang='lat' dir='ltr'>vul.</span> <span class='ocrx_word' id='word_1_48' title='bbox 448 1097 588 1182; x_wconf 86' lang='lat' dir='ltr'>Utroque</span> <span class='ocrx_word' id='word_1_49' title='bbox 599 1111 699 1163; x_wconf 80' lang='lat' dir='ltr'>autem</span> <span class='ocrx_word' id='word_1_50' title='bbox 718 1099 839 1166; x_wconf 82' lang='lat' dir='ltr'>isiorum</span> <span class='ocrx_word' id='word_1_51' title='bbox 855 1117 1015 1186; x_wconf 77' lang='lat' dir='ltr'>generum,</span> <span class='ocrx_word' id='word_1_52' title='bbox 1033 1117 1113 1186; x_wconf 82' lang='lat' dir='ltr'>quae</span> <span class='ocrx_word' id='word_1_53' title='bbox 1127 1122 1272 1170; x_wconf 87' lang='lat' dir='ltr'>comme·</span> 
     </span>
     <span class='ocr_line' id='line_1_9' title="bbox 300 1193 1273 1283; baseline 0.01 -26"><span class='ocrx_word' id='word_1_54' title='bbox 300 1210 418 1258; x_wconf 86' lang='lat' dir='ltr'>motata</span> <span class='ocrx_word' id='word_1_55' title='bbox 430 1193 511 1271; x_wconf 92' lang='lat' dir='ltr'>sunt,</span> <span class='ocrx_word' id='word_1_56' title='bbox 532 1193 718 1277; x_wconf 82' lang='lat' dir='ltr'>ampliffimut</span> <span class='ocrx_word' id='word_1_57' title='bbox 727 1197 896 1263; x_wconf 83' lang='lat' dir='ltr'>continetur</span> <span class='ocrx_word' id='word_1_58' title='bbox 909 1197 1015 1277; x_wconf 84' lang='lat' dir='ltr'>locus,</span> <span class='ocrx_word' id='word_1_59' title='bbox 1031 1219 1116 1283; x_wconf 85' lang='lat' dir='ltr'>quo,</span> <span class='ocrx_word' id='word_1_60' title='bbox 1133 1203 1214 1266; x_wconf 86' lang='lat' dir='ltr'>ultra</span> <span class='ocrx_word' id='word_1_61' title='bbox 1235 1223 1273 1267; x_wconf 88' lang='lat' dir='ltr'>ea</span> 
     </span>
     <span class='ocr_line' id='line_1_10' title="bbox 301 1286 1272 1380; baseline 0.01 -28"><span class='ocrx_word' id='word_1_62' title='bbox 301 1308 379 1373; x_wconf 89' lang='lat' dir='ltr'>quae</span> <span class='ocrx_word' id='word_1_63' title='bbox 389 1308 555 1370; x_wconf 81' lang='lat' dir='ltr'>corporeus</span> <span class='ocrx_word' id='word_1_64' title='bbox 572 1286 670 1353; x_wconf 79' lang='lat' dir='ltr'>sensus</span> <span class='ocrx_word' id='word_1_65' title='bbox 683 1291 773 1355; x_wconf 80' lang='lat' dir='ltr'>docet</span> <span class='ocrx_word' id='word_1_66' title='bbox 787 1291 1013 1375; x_wconf 84' lang='lat' dir='ltr'>prospicientes,</span> <span class='ocrx_word' id='word_1_67' title='bbox 1044 1313 1108 1358; x_wconf 87' lang='lat' dir='ltr'>nou</span> <span class='ocrx_word' id='word_1_68' title='bbox 1125 1297 1272 1380; x_wconf 77' lang='lat' dir='ltr'>equidem</span> 
     </span>
     <span class='ocr_line' id='line_1_11' title="bbox 300 1381 1270 1474; baseline 0.01 -28"><span class='ocrx_word' id='word_1_69' title='bbox 300 1383 332 1446; x_wconf 91' lang='lat' dir='ltr'>in</span> <span class='ocrx_word' id='word_1_70' title='bbox 346 1381 471 1464; x_wconf 76' lang='lat' dir='ltr'>ipsarum</span> <span class='ocrx_word' id='word_1_71' title='bbox 493 1399 591 1446; x_wconf 84' lang='lat' dir='ltr'>rerum</span> <span class='ocrx_word' id='word_1_72' title='bbox 606 1401 819 1465; x_wconf 80' lang='lat' dir='ltr'>corporearum</span> <span class='ocrx_word' id='word_1_73' title='bbox 835 1386 965 1451; x_wconf 88' lang='lat' dir='ltr'>intimam</span> <span class='ocrx_word' id='word_1_74' title='bbox 979 1387 1151 1467; x_wconf 72' lang='lat' dir='ltr'>essentiam,</span> <span class='ocrx_word' id='word_1_75' title='bbox 1174 1411 1270 1474; x_wconf 86' lang='lat' dir='ltr'>quam</span> 
     </span>
     <span class='ocr_line' id='line_1_12' title="bbox 299 1473 1271 1566; baseline 0.012 -28"><span class='ocrx_word' id='word_1_76' title='bbox 299 1475 417 1550; x_wconf 85' lang='lat' dir='ltr'>dicunt,</span> <span class='ocrx_word' id='word_1_77' title='bbox 438 1473 686 1559; x_wconf 86' lang='lat' dir='ltr'>substantiamque</span> <span class='ocrx_word' id='word_1_78' title='bbox 705 1495 906 1560; x_wconf 86' lang='lat' dir='ltr'>penetremus;</span> <span class='ocrx_word' id='word_1_79' title='bbox 929 1481 977 1545; x_wconf 86' lang='lat' dir='ltr'>sed</span> <span class='ocrx_word' id='word_1_80' title='bbox 995 1502 1075 1566; x_wconf 89' lang='lat' dir='ltr'>quo,</span> <span class='ocrx_word' id='word_1_81' title='bbox 1102 1501 1208 1548; x_wconf 86' lang='lat' dir='ltr'>retum</span> <span class='ocrx_word' id='word_1_82' title='bbox 1222 1501 1271 1552; x_wconf 88' lang='lat' dir='ltr'>tot</span> 
     </span>
     <span class='ocr_line' id='line_1_13' title="bbox 299 1571 1271 1660; baseline 0.015 -30"><span class='ocrx_word' id='word_1_83' title='bbox 299 1581 523 1650; x_wconf 78' lang='lat' dir='ltr'>tanmrumque,</span> <span class='ocrx_word' id='word_1_84' title='bbox 543 1583 616 1649; x_wconf 75' lang='lat' dir='ltr'>quaa</span> <span class='ocrx_word' id='word_1_85' title='bbox 627 1571 746 1634; x_wconf 83' lang='lat' dir='ltr'>exbibet</span> <span class='ocrx_word' id='word_1_86' title='bbox 763 1573 851 1637; x_wconf 79' lang='lat' dir='ltr'>huius</span> <span class='ocrx_word' id='word_1_87' title='bbox 867 1576 968 1638; x_wconf 90' lang='lat' dir='ltr'>mundi</span> <span class='ocrx_word' id='word_1_88' title='bbox 984 1575 1204 1660; x_wconf 79' lang='lat' dir='ltr'>spediaeulum,</span> <span class='ocrx_word' id='word_1_89' title='bbox 1221 1583 1271 1645; x_wconf 89' lang='lat' dir='ltr'>in·</span> 
     </span>
     <span class='ocr_line' id='line_1_14' title="bbox 298 1659 1271 1750; baseline 0.016 -29"><span class='ocrx_word' id='word_1_90' title='bbox 298 1659 503 1742; x_wconf 75' lang='lat' dir='ltr'>eredibilieque</span> <span class='ocrx_word' id='word_1_91' title='bbox 515 1661 628 1724; x_wconf 73' lang='lat' dir='ltr'>ordina</span> <span class='ocrx_word' id='word_1_92' title='bbox 640 1679 733 1746; x_wconf 86' lang='lat' dir='ltr'>atque</span> <span class='ocrx_word' id='word_1_93' title='bbox 742 1664 949 1742; x_wconf 80' lang='lat' dir='ltr'>constantiae,</span> <span class='ocrx_word' id='word_1_94' title='bbox 962 1667 1067 1750; x_wconf 80' lang='lat' dir='ltr'>quibus</span> <span class='ocrx_word' id='word_1_95' title='bbox 1076 1669 1187 1733; x_wconf 69' lang='lat' dir='ltr'>cunstat</span> <span class='ocrx_word' id='word_1_96' title='bbox 1197 1691 1271 1737; x_wconf 88' lang='lat' dir='ltr'>eon·</span> 
     </span>
     <span class='ocr_line' id='line_1_15' title="bbox 297 1751 1323 1854; baseline 0.016 -38"><span class='ocrx_word' id='word_1_97' title='bbox 297 1751 447 1828; x_wconf 79' lang='lat' dir='ltr'>timentur,</span> <span class='ocrx_word' id='word_1_98' title='bbox 467 1755 663 1842; x_wconf 27' lang='lat' dir='ltr'>&#39;admiratione</span> <span class='ocrx_word' id='word_1_99' title='bbox 686 1754 784 1832; x_wconf 72' lang='lat' dir='ltr'>duni,</span> <span class='ocrx_word' id='word_1_100' title='bbox 809 1758 973 1823; x_wconf 67' lang='lat' dir='ltr'>nudorum</span> <span class='ocrx_word' id='word_1_101' title='bbox 997 1761 1118 1828; x_wconf 82' lang='lat' dir='ltr'>istarum</span> <span class='ocrx_word' id='word_1_102' title='bbox 1142 1779 1270 1854; x_wconf 78' lang='lat' dir='ltr'>rerum,</span> <span class='ocrx_word' id='word_1_103' title='bbox 1322 1799 1323 1808; x_wconf 30' lang='grc' dir='ltr'>ι</span> 
     </span>
     <span class='ocr_line' id='line_1_16' title="bbox 291 1842 1268 1947; baseline 0.023 -41"><span class='ocrx_word' id='word_1_104' title='bbox 291 1842 450 1930; x_wconf 87' lang='lat' dir='ltr'>ipsumque</span> <span class='ocrx_word' id='word_1_105' title='bbox 473 1851 574 1912; x_wconf 87' lang='lat' dir='ltr'>omnia</span> <span class='ocrx_word' id='word_1_106' title='bbox 592 1849 667 1914; x_wconf 86' lang='lat' dir='ltr'>haec</span> <span class='ocrx_word' id='word_1_107' title='bbox 686 1851 886 1932; x_wconf 78' lang='lat' dir='ltr'>animantem,</span> <span class='ocrx_word' id='word_1_108' title='bbox 915 1857 1135 1938; x_wconf 85' lang='lat' dir='ltr'>moderantem,</span> <span class='ocrx_word' id='word_1_109' title='bbox 1160 1881 1268 1947; x_wconf 80' lang='lat' dir='ltr'>regen·</span> 
     </span>
     <span class='ocr_line' id='line_1_17' title="bbox 296 1939 1266 2026; baseline 0.022 -26"><span class='ocrx_word' id='word_1_110' title='bbox 296 1954 419 2023; x_wconf 84' lang='lat' dir='ltr'>temque</span> <span class='ocrx_word' id='word_1_111' title='bbox 436 1939 533 2004; x_wconf 87' lang='lat' dir='ltr'>Deum</span> <span class='ocrx_word' id='word_1_112' title='bbox 549 1961 643 2026; x_wconf 86' lang='lat' dir='ltr'>paene</span> <span class='ocrx_word' id='word_1_113' title='bbox 657 1945 858 2025; x_wconf 82' lang='lat' dir='ltr'>prehendere,</span> <span class='ocrx_word' id='word_1_114' title='bbox 873 1949 904 2012; x_wconf 79' lang='lat' dir='ltr'>dr</span> <span class='ocrx_word' id='word_1_115' title='bbox 916 1950 1001 2015; x_wconf 81' lang='lat' dir='ltr'>huius</span> <span class='ocrx_word' id='word_1_116' title='bbox 1017 1953 1191 2018; x_wconf 69' lang='lat' dir='ltr'>immenfim</span> <span class='ocrx_word' id='word_1_117' title='bbox 1204 1960 1266 2020; x_wconf 80' lang='lat' dir='ltr'>vim</span> 
     </span>
     <span class='ocr_line' id='line_1_18' title="bbox 296 2031 1267 2132; baseline 0.023 -39"><span class='ocrx_word' id='word_1_118' title='bbox 296 2049 385 2114; x_wconf 82' lang='lat' dir='ltr'>atque</span> <span class='ocrx_word' id='word_1_119' title='bbox 403 2035 579 2114; x_wconf 85' lang='lat' dir='ltr'>potentiam.</span> <span class='ocrx_word' id='word_1_120' title='bbox 601 2035 746 2101; x_wconf 85' lang='lat' dir='ltr'>infinitam</span> <span class='ocrx_word' id='word_1_121' title='bbox 769 2031 940 2122; x_wconf 73' lang='lat' dir='ltr'>sapientiam</span> <span class='ocrx_word' id='word_1_122' title='bbox 961 2046 1187 2132; x_wconf 85' lang='lat' dir='ltr'>bonitatemque</span> <span class='ocrx_word' id='word_1_123' title='bbox 1210 2071 1267 2114; x_wconf 82' lang='lat' dir='ltr'>ve·</span> 
     </span>
     <span class='ocr_line' id='line_1_19' title="bbox 296 2125 1267 2220; baseline 0.021 -36"><span class='ocrx_word' id='word_1_124' title='bbox 296 2125 392 2186; x_wconf 89' lang='lat' dir='ltr'>nerari</span> <span class='ocrx_word' id='word_1_125' title='bbox 405 2125 486 2188; x_wconf 84' lang='lat' dir='ltr'>lieet.</span> <span class='ocrx_word' id='word_1_126' title='bbox 507 2125 568 2189; x_wconf 92' lang='lat' dir='ltr'>Cui</span> <span class='ocrx_word' id='word_1_127' title='bbox 584 2130 627 2192; x_wconf 89' lang='lat' dir='ltr'>rei</span> <span class='ocrx_word' id='word_1_128' title='bbox 645 2130 872 2196; x_wconf 84' lang='lat' dir='ltr'>consentaneum</span> <span class='ocrx_word' id='word_1_129' title='bbox 904 2135 965 2212; x_wconf 82' lang='lat' dir='ltr'>esi,</span> <span class='ocrx_word' id='word_1_130' title='bbox 987 2155 1019 2200; x_wconf 89' lang='grc' dir='ltr'>ιιι</span> <span class='ocrx_word' id='word_1_131' title='bbox 1038 2138 1211 2220; x_wconf 81' lang='lat' dir='ltr'>erigamur,</span> <span class='ocrx_word' id='word_1_132' title='bbox 1225 2143 1267 2204; x_wconf 84' lang='lat' dir='ltr'>ai·</span> 
     </span>
    </p>
   </div>
   <div class='ocr_carea' id='block_1_3' title="bbox 176 2211 1281 2306">
    <p class='ocr_par' dir='ltr' id='par_1_4' title="bbox 176 2211 1281 2306">
     <span class='ocr_line' id='line_1_20' title="bbox 176 2211 1281 2306; baseline 0.022 -27"><span class='ocrx_word' id='word_1_133' title='bbox 176 2211 182 2225; x_wconf 82' lang='lat'><strong><em>‘</em></strong></span> <span class='ocrx_word' id='word_1_134' title='bbox 295 2219 386 2282; x_wconf 68' lang='lat' dir='ltr'>rioroe</span> <span class='ocrx_word' id='word_1_135' title='bbox 403 2217 467 2281; x_wconf 82' lang='lat' dir='ltr'>fieri</span> <span class='ocrx_word' id='word_1_136' title='bbox 480 2219 650 2299; x_wconf 63' lang='lat' dir='ltr'>rimantur,</span> <span class='ocrx_word' id='word_1_137' title='bbox 672 2239 763 2306; x_wconf 85' lang='lat' dir='ltr'>atque</span> <span class='ocrx_word' id='word_1_138' title='bbox 784 2245 846 2292; x_wconf 92' lang='lat' dir='ltr'>non</span> <span class='ocrx_word' id='word_1_139' title='bbox 864 2229 958 2295; x_wconf 86' lang='lat' dir='ltr'>solum</span> <span class='ocrx_word' id='word_1_140' title='bbox 979 2233 1054 2296; x_wconf 85' lang='lat' dir='ltr'>intra</span> <span class='ocrx_word' id='word_1_141' title='bbox 1072 2236 1162 2302; x_wconf 77' lang='lat' dir='ltr'>huius</span> <span class='ocrx_word' id='word_1_142' title='bbox 1180 2239 1281 2302; x_wconf 79' lang='lat' dir='ltr'>ritae·</span> 
     </span>
    </p>
   </div>
   <div class='ocr_carea' id='block_1_4' title="bbox 293 2310 1264 2589">
    <p class='ocr_par' dir='ltr' id='par_1_5' title="bbox 293 2310 1264 2589">
     <span class='ocr_line' id='line_1_21' title="bbox 294 2310 1262 2413; baseline 0.022 -37"><span class='ocrx_word' id='word_1_143' title='bbox 294 2310 403 2376; x_wconf 80' lang='lat' dir='ltr'>limites</span> <span class='ocrx_word' id='word_1_144' title='bbox 422 2314 534 2395; x_wconf 88' lang='lat' dir='ltr'>optima</span> <span class='ocrx_word' id='word_1_145' title='bbox 552 2335 687 2400; x_wconf 84' lang='lat' dir='ltr'>quaeque</span> <span class='ocrx_word' id='word_1_146' title='bbox 697 2319 735 2382; x_wconf 86' lang='lat' dir='ltr'>ab</span> <span class='ocrx_word' id='word_1_147' title='bbox 744 2324 861 2404; x_wconf 88' lang='lat' dir='ltr'>optimo</span> <span class='ocrx_word' id='word_1_148' title='bbox 877 2326 1127 2410; x_wconf 84' lang='lat' dir='ltr'>,sapienriffimo,</span> <span class='ocrx_word' id='word_1_149' title='bbox 1145 2349 1262 2413; x_wconf 89' lang='lat' dir='ltr'>poten·</span> 
     </span>
     <span class='ocr_line' id='line_1_22' title="bbox 295 2404 1264 2501; baseline 0.024 -35"><span class='ocrx_word' id='word_1_150' title='bbox 295 2404 405 2468; x_wconf 87' lang='lat' dir='ltr'>tiffimo</span> <span class='ocrx_word' id='word_1_151' title='bbox 421 2405 545 2486; x_wconf 64' lang='lat' dir='ltr'>Parente</span> <span class='ocrx_word' id='word_1_152' title='bbox 567 2409 655 2472; x_wconf 79' lang='lat' dir='ltr'>huius</span> <span class='ocrx_word' id='word_1_153' title='bbox 673 2412 803 2475; x_wconf 88' lang='lat' dir='ltr'>universi</span> <span class='ocrx_word' id='word_1_154' title='bbox 827 2415 940 2499; x_wconf 86' lang='lat' dir='ltr'>semper</span> <span class='ocrx_word' id='word_1_155' title='bbox 960 2419 1128 2501; x_wconf 81' lang='lat' dir='ltr'>speremus3</span> <span class='ocrx_word' id='word_1_156' title='bbox 1147 2422 1198 2488; x_wconf 90' lang='lat' dir='ltr'>sed</span> <span class='ocrx_word' id='word_1_157' title='bbox 1216 2443 1264 2488; x_wconf 86' lang='lat' dir='ltr'>et·</span> 
     </span>
     <span class='ocr_line' id='line_1_23' title="bbox 293 2494 1262 2589; baseline 0.022 -31"><span class='ocrx_word' id='word_1_158' title='bbox 293 2494 351 2558; x_wconf 80' lang='lat' dir='ltr'>iam</span> <span class='ocrx_word' id='word_1_159' title='bbox 372 2495 504 2563; x_wconf 84' lang='lat' dir='ltr'>futurum</span> <span class='ocrx_word' id='word_1_160' title='bbox 521 2519 629 2564; x_wconf 74' lang='lat' dir='ltr'>aevum</span> <span class='ocrx_word' id='word_1_161' title='bbox 649 2521 773 2570; x_wconf 85' lang='lat' dir='ltr'>eatenus</span> <span class='ocrx_word' id='word_1_162' title='bbox 789 2509 982 2589; x_wconf 80' lang='lat' dir='ltr'>meditemur,</span> <span class='ocrx_word' id='word_1_163' title='bbox 998 2527 1032 2576; x_wconf 89' lang='lat' dir='ltr'>ut</span> <span class='ocrx_word' id='word_1_164' title='bbox 1047 2513 1156 2578; x_wconf 90' lang='lat' dir='ltr'>borum</span> <span class='ocrx_word' id='word_1_165' title='bbox 1170 2517 1262 2579; x_wconf 88' lang='lat' dir='ltr'>intui·</span> 
     </span>
    </p>
   </div>
   <div class='ocr_carea' id='block_1_5' title="bbox 294 2591 1263 2694">
    <p class='ocr_par' dir='ltr' id='par_1_6' title="bbox 294 2591 1263 2694">
     <span class='ocr_line' id='line_1_24' title="bbox 294 2591 1263 2694; baseline 0.028 -45"><span class='ocrx_word' id='word_1_166' title='bbox 294 2603 346 2664; x_wconf 91' lang='lat' dir='ltr'>tu,</span> <span class='ocrx_word' id='word_1_167' title='bbox 358 2606 435 2672; x_wconf 87' lang='lat' dir='ltr'>quae</span> <span class='ocrx_word' id='word_1_168' title='bbox 450 2592 480 2652; x_wconf 92' lang='lat' dir='ltr'>in</span> <span class='ocrx_word' id='word_1_169' title='bbox 496 2591 556 2655; x_wconf 87' lang='lat' dir='ltr'>hoc</span> <span class='ocrx_word' id='word_1_170' title='bbox 574 2594 657 2657; x_wconf 83' lang='lat' dir='ltr'>vitae</span> <span class='ocrx_word' id='word_1_171' title='bbox 673 2615 747 2662; x_wconf 88' lang='lat' dir='ltr'>vere</span> <span class='ocrx_word' id='word_1_172' title='bbox 767 2601 935 2668; x_wconf 84' lang='lat' dir='ltr'>nominatae</span> <span class='ocrx_word' id='word_1_173' title='bbox 957 2605 1108 2671; x_wconf 83' lang='lat' dir='ltr'>vesiibrdo</span> <span class='ocrx_word' id='word_1_174' title='bbox 1126 2608 1263 2694; x_wconf 60' lang='lat' dir='ltr'>speaan·</span> 
     </span>
    </p>
   </div>
   <div class='ocr_carea' id='block_1_6' title="bbox 176 2679 1259 2784">
    <p class='ocr_par' dir='ltr' id='par_1_7' title="bbox 176 2679 1259 2784">
     <span class='ocr_line' id='line_1_25' title="bbox 176 2679 1259 2784; baseline 0.031 -47"><span class='ocrx_word' id='word_1_175' title='bbox 176 2751 178 2762; x_wconf 37' lang='grc' dir='ltr'>Ι</span> <span class='ocrx_word' id='word_1_176' title='bbox 293 2679 331 2742; x_wconf 86' lang='lat' dir='ltr'>da</span> <span class='ocrx_word' id='word_1_177' title='bbox 349 2682 435 2748; x_wconf 76' lang='lat' dir='ltr'>nobis</span> <span class='ocrx_word' id='word_1_178' title='bbox 452 2681 634 2770; x_wconf 82' lang='lat' dir='ltr'>srueudaque</span> <span class='ocrx_word' id='word_1_179' title='bbox 650 2689 792 2756; x_wconf 83' lang='lat' dir='ltr'>contesiit</span> <span class='ocrx_word' id='word_1_180' title='bbox 804 2695 904 2760; x_wconf 83' lang='lat' dir='ltr'>divina</span> <span class='ocrx_word' id='word_1_181' title='bbox 919 2698 1102 2784; x_wconf 78' lang='lat' dir='ltr'>benignitas,</span> <span class='ocrx_word' id='word_1_182' title='bbox 1119 2704 1259 2771; x_wconf 83' lang='lat' dir='ltr'>iaetieo·</span> 
     </span>
    </p>
   </div>
   <div class='ocr_carea' id='block_1_7' title="bbox 281 2773 1262 3445">
    <p class='ocr_par' dir='ltr' id='par_1_8' title="bbox 281 2773 1262 3445">
     <span class='ocr_line' id='line_1_26' title="bbox 292 2773 1262 2878; baseline 0.03 -43"><span class='ocrx_word' id='word_1_183' title='bbox 292 2773 435 2858; x_wconf 80' lang='lat' dir='ltr'>gitentnt,</span> <span class='ocrx_word' id='word_1_184' title='bbox 454 2797 543 2860; x_wconf 86' lang='lat' dir='ltr'>quam</span> <span class='ocrx_word' id='word_1_185' title='bbox 566 2781 678 2863; x_wconf 86' lang='lat' dir='ltr'>ampla,</span> <span class='ocrx_word' id='word_1_186' title='bbox 707 2804 797 2868; x_wconf 85' lang='lat' dir='ltr'>quam</span> <span class='ocrx_word' id='word_1_187' title='bbox 821 2791 995 2874; x_wconf 82' lang='lat' dir='ltr'>magnifica,</span> <span class='ocrx_word' id='word_1_188' title='bbox 1020 2815 1112 2878; x_wconf 88' lang='lat' dir='ltr'>quam</span> <span class='ocrx_word' id='word_1_189' title='bbox 1137 2799 1262 2864; x_wconf 80' lang='lat' dir='ltr'>ioriuitia</span> 
     </span>
     <span class='ocr_line' id='line_1_27' title="bbox 293 2868 1260 2973; baseline 0.028 -41"><span class='ocrx_word' id='word_1_190' title='bbox 293 2868 390 2932; x_wconf 79' lang='lat' dir='ltr'>modis</span> <span class='ocrx_word' id='word_1_191' title='bbox 402 2889 523 2935; x_wconf 85' lang='lat' dir='ltr'>omnem</span> <span class='ocrx_word' id='word_1_192' title='bbox 539 2873 647 2958; x_wconf 78' lang='lat' dir='ltr'>ingenii</span> <span class='ocrx_word' id='word_1_193' title='bbox 669 2880 761 2944; x_wconf 84' lang='lat' dir='ltr'>nosiri</span> <span class='ocrx_word' id='word_1_194' title='bbox 778 2900 898 2966; x_wconf 87' lang='lat' dir='ltr'>captum</span> <span class='ocrx_word' id='word_1_195' title='bbox 910 2887 1005 2952; x_wconf 86' lang='lat' dir='ltr'>adbuc</span> <span class='ocrx_word' id='word_1_196' title='bbox 1018 2888 1203 2973; x_wconf 82' lang='lat' dir='ltr'>superantia,</span> <span class='ocrx_word' id='word_1_197' title='bbox 1217 2891 1260 2958; x_wconf 87' lang='lat' dir='ltr'>su·</span> 
     </span>
     <span class='ocr_line' id='line_1_28' title="bbox 292 2959 1258 3063; baseline 0.028 -39"><span class='ocrx_word' id='word_1_198' title='bbox 292 2978 359 3025; x_wconf 88' lang='lat' dir='ltr'>tuta</span> <span class='ocrx_word' id='word_1_199' title='bbox 377 2959 432 3025; x_wconf 82' lang='lat' dir='ltr'>snt</span> <span class='ocrx_word' id='word_1_200' title='bbox 452 2965 519 3040; x_wconf 87' lang='lat' dir='ltr'>ilia,</span> <span class='ocrx_word' id='word_1_201' title='bbox 540 2968 669 3051; x_wconf 81' lang='lat' dir='ltr'>adquae</span> <span class='ocrx_word' id='word_1_202' title='bbox 687 2969 787 3038; x_wconf 80' lang='lat' dir='ltr'>sumus</span> <span class='ocrx_word' id='word_1_203' title='bbox 805 2975 834 3038; x_wconf 89' lang='lat' dir='ltr'>in</span> <span class='ocrx_word' id='word_1_204' title='bbox 848 2977 1054 3063; x_wconf 87' lang='lat' dir='ltr'>sempiternum</span> <span class='ocrx_word' id='word_1_205' title='bbox 1070 2992 1184 3048; x_wconf 82' lang='lat' dir='ltr'>aevum</span> <span class='ocrx_word' id='word_1_206' title='bbox 1202 3007 1258 3051; x_wconf 81' lang='lat' dir='ltr'>vo·</span> 
     </span>
     <span class='ocr_line' id='line_1_29' title="bbox 291 3053 1255 3160; baseline 0.034 -43"><span class='ocrx_word' id='word_1_207' title='bbox 291 3053 364 3129; x_wconf 83' lang='lat' dir='ltr'>cati;</span> <span class='ocrx_word' id='word_1_208' title='bbox 377 3055 504 3140; x_wconf 85' lang='lat' dir='ltr'>denique</span> <span class='ocrx_word' id='word_1_209' title='bbox 515 3077 572 3136; x_wconf 86' lang='lat' dir='ltr'>ur,</span> <span class='ocrx_word' id='word_1_210' title='bbox 589 3081 683 3144; x_wconf 87' lang='lat' dir='ltr'>quom</span> <span class='ocrx_word' id='word_1_211' title='bbox 700 3065 873 3148; x_wconf 81' lang='lat' dir='ltr'>uideamus,</span> <span class='ocrx_word' id='word_1_212' title='bbox 887 3089 1027 3152; x_wconf 83' lang='lat' dir='ltr'>quantum</span> <span class='ocrx_word' id='word_1_213' title='bbox 1041 3073 1096 3152; x_wconf 88' lang='lat' dir='ltr'>sit,</span> <span class='ocrx_word' id='word_1_214' title='bbox 1110 3083 1195 3160; x_wconf 87' lang='lat' dir='ltr'>quod</span> <span class='ocrx_word' id='word_1_215' title='bbox 1205 3083 1255 3150; x_wconf 88' lang='lat' dir='ltr'>ho·</span> 
     </span>
     <span class='ocr_line' id='line_1_30' title="bbox 281 3151 1253 3262; baseline 0.035 -51"><span class='ocrx_word' id='word_1_216' title='bbox 281 3151 402 3228; x_wconf 80' lang='lat' dir='ltr'>mines,</span> <span class='ocrx_word' id='word_1_217' title='bbox 416 3155 505 3220; x_wconf 87' lang='lat' dir='ltr'>etiam</span> <span class='ocrx_word' id='word_1_218' title='bbox 522 3155 580 3221; x_wconf 82' lang='lat' dir='ltr'>stac</span> <span class='ocrx_word' id='word_1_219' title='bbox 592 3159 624 3222; x_wconf 90' lang='lat' dir='ltr'>in</span> <span class='ocrx_word' id='word_1_220' title='bbox 642 3163 760 3227; x_wconf 83' lang='lat' dir='ltr'>mortali</span> <span class='ocrx_word' id='word_1_221' title='bbox 775 3167 966 3246; x_wconf 85' lang='lat' dir='ltr'>conditione,</span> <span class='ocrx_word' id='word_1_222' title='bbox 985 3167 1253 3262; x_wconf 84' lang='lat' dir='ltr'>incircumscripto</span> 
     </span>
     <span class='ocr_line' id='line_1_31' title="bbox 289 3240 1252 3347; baseline 0.034 -44"><span class='ocrx_word' id='word_1_223' title='bbox 289 3240 348 3306; x_wconf 85' lang='lat' dir='ltr'>hoc</span> <span class='ocrx_word' id='word_1_224' title='bbox 367 3263 468 3309; x_wconf 85' lang='lat' dir='ltr'>rerum</span> <span class='ocrx_word' id='word_1_225' title='bbox 491 3251 673 3331; x_wconf 81' lang='lat' dir='ltr'>agendarum</span> <span class='ocrx_word' id='word_1_226' title='bbox 696 3257 788 3333; x_wconf 87' lang='lat' dir='ltr'>orbe,</span> <span class='ocrx_word' id='word_1_227' title='bbox 809 3260 955 3341; x_wconf 85' lang='lat' dir='ltr'>profitere</span> <span class='ocrx_word' id='word_1_228' title='bbox 975 3265 1097 3347; x_wconf 85' lang='lat' dir='ltr'>poffint,</span> <span class='ocrx_word' id='word_1_229' title='bbox 1118 3267 1142 3332; x_wconf 82' lang='lat' dir='ltr'>st</span> <span class='ocrx_word' id='word_1_230' title='bbox 1159 3273 1252 3337; x_wconf 90' lang='lat' dir='ltr'>modo</span> 
     </span>
     <span class='ocr_line' id='line_1_32' title="bbox 288 3338 1253 3445; baseline 0.039 -51"><span class='ocrx_word' id='word_1_231' title='bbox 288 3349 415 3397; x_wconf 85' lang='lat' dir='ltr'>naturae</span> <span class='ocrx_word' id='word_1_232' title='bbox 429 3338 549 3402; x_wconf 85' lang='lat' dir='ltr'>dotibus</span> <span class='ocrx_word' id='word_1_233' title='bbox 558 3342 689 3426; x_wconf 78' lang='lat' dir='ltr'>diligenti</span> <span class='ocrx_word' id='word_1_234' title='bbox 705 3347 806 3414; x_wconf 84' lang='lat' dir='ltr'>siudio</span> <span class='ocrx_word' id='word_1_235' title='bbox 816 3354 941 3416; x_wconf 81' lang='lat' dir='ltr'>excultis</span> <span class='ocrx_word' id='word_1_236' title='bbox 955 3356 1012 3420; x_wconf 89' lang='lat' dir='ltr'>rite</span> <span class='ocrx_word' id='word_1_237' title='bbox 1023 3360 1177 3428; x_wconf 85' lang='lat' dir='ltr'>voluerint</span> <span class='ocrx_word' id='word_1_238' title='bbox 1191 3365 1253 3445; x_wconf 90' lang='lat' dir='ltr'>uti;</span> 
     </span>
    </p>
   </div>
   <div class='ocr_carea' id='block_1_8' title="bbox 286 3425 1252 3617">
    <p class='ocr_par' dir='ltr' id='par_1_9' title="bbox 286 3425 1252 3617">
     <span class='ocr_line' id='line_1_33' title="bbox 286 3425 1252 3524; baseline 0.042 -41"><span class='ocrx_word' id='word_1_239' title='bbox 286 3425 465 3508; x_wconf 79' lang='lat' dir='ltr'>cogitemus,</span> <span class='ocrx_word' id='word_1_240' title='bbox 485 3431 698 3512; x_wconf 83' lang='lat' dir='ltr'>quamsaetae,</span> <span class='ocrx_word' id='word_1_241' title='bbox 721 3455 871 3524; x_wconf 68' lang='lat' dir='ltr'>quamue</span> <span class='ocrx_word' id='word_1_242' title='bbox 888 3446 1031 3513; x_wconf 84' lang='lat' dir='ltr'>mirificae</span> <span class='ocrx_word' id='word_1_243' title='bbox 1048 3451 1171 3519; x_wconf 75' lang='lat' dir='ltr'>suturae</span> <span class='ocrx_word' id='word_1_244' title='bbox 1197 3457 1252 3524; x_wconf 85' lang='lat' dir='ltr'>sint</span> 
     </span>
     <span class='ocr_line' id='line_1_34' title="bbox 286 3517 1251 3617; baseline 0.042 -40"><span class='ocrx_word' id='word_1_245' title='bbox 286 3517 503 3601; x_wconf 71' lang='lat' dir='ltr'>progressiones</span> <span class='ocrx_word' id='word_1_246' title='bbox 520 3524 555 3584; x_wconf 89' lang='lat' dir='ltr'>ad</span> <span class='ocrx_word' id='word_1_247' title='bbox 567 3522 736 3609; x_wconf 89' lang='lat' dir='ltr'>summum,</span> <span class='ocrx_word' id='word_1_248' title='bbox 749 3535 802 3614; x_wconf 91' lang='lat' dir='ltr'>qui</span> <span class='ocrx_word' id='word_1_249' title='bbox 814 3535 845 3597; x_wconf 88' lang='lat' dir='ltr'>in</span> <span class='ocrx_word' id='word_1_250' title='bbox 859 3536 988 3604; x_wconf 81' lang='lat' dir='ltr'>bominis</span> <span class='ocrx_word' id='word_1_251' title='bbox 998 3561 1133 3610; x_wconf 83' lang='lat' dir='ltr'>naturam</span> <span class='ocrx_word' id='word_1_252' title='bbox 1145 3551 1251 3617; x_wconf 70' lang='lat' dir='ltr'>cadem</span> 
     </span>
    </p>
   </div>
   <div class='ocr_carea' id='block_1_9' title="bbox 185 3611 1251 3884">
    <p class='ocr_par' dir='ltr' id='par_1_10' title="bbox 185 3611 1251 3884">
     <span class='ocr_line' id='line_1_35' title="bbox 285 3611 1251 3721; baseline 0.039 -49"><span class='ocrx_word' id='word_1_253' title='bbox 285 3611 398 3692; x_wconf 84' lang='lat' dir='ltr'>potest,</span> <span class='ocrx_word' id='word_1_254' title='bbox 419 3614 624 3699; x_wconf 73' lang='lat' dir='ltr'>perfeojonis,</span> <span class='ocrx_word' id='word_1_255' title='bbox 650 3623 778 3704; x_wconf 84' lang='lat' dir='ltr'>virium,</span> <span class='ocrx_word' id='word_1_256' title='bbox 803 3627 1174 3721; x_wconf 75' lang='lat' dir='ltr'>dignitatisquegradum,</span> <span class='ocrx_word' id='word_1_257' title='bbox 1200 3647 1251 3710; x_wconf 89' lang='lat' dir='ltr'>ubi</span> 
     </span>
     <span class='ocr_line' id='line_1_36' title="bbox 285 3707 1251 3814; baseline 0.036 -46"><span class='ocrx_word' id='word_1_258' title='bbox 285 3707 396 3769; x_wconf 73' lang='lat' dir='ltr'>cuneis</span> <span class='ocrx_word' id='word_1_259' title='bbox 415 3710 502 3776; x_wconf 84' lang='lat' dir='ltr'>buius</span> <span class='ocrx_word' id='word_1_260' title='bbox 520 3715 601 3780; x_wconf 83' lang='lat' dir='ltr'>vitae</span> <span class='ocrx_word' id='word_1_261' title='bbox 621 3717 727 3784; x_wconf 80' lang='lat' dir='ltr'>officiis</span> <span class='ocrx_word' id='word_1_262' title='bbox 746 3721 801 3786; x_wconf 91' lang='lat' dir='ltr'>rite</span> <span class='ocrx_word' id='word_1_263' title='bbox 822 3727 930 3810; x_wconf 88' lang='lat' dir='ltr'>pieque</span> <span class='ocrx_word' id='word_1_264' title='bbox 952 3731 1097 3814; x_wconf 79' lang='lat' dir='ltr'>expletis,</span> <span class='ocrx_word' id='word_1_265' title='bbox 1127 3739 1251 3805; x_wconf 72' lang='lat' dir='ltr'>terrenis</span> 
     </span>
     <span class='ocr_line' id='line_1_37' title="bbox 185 3791 997 3884; baseline 0.038 -32"><span class='ocrx_word' id='word_1_266' title='bbox 185 3801 195 3816; x_wconf 87' lang='lat'><strong>·</strong></span> <span class='ocrx_word' id='word_1_267' title='bbox 285 3791 330 3858; x_wconf 78' lang='lat' dir='ltr'>bis</span> <span class='ocrx_word' id='word_1_268' title='bbox 342 3793 471 3863; x_wconf 69' lang='lat' dir='ltr'>vinculis</span> <span class='ocrx_word' id='word_1_269' title='bbox 485 3801 592 3884; x_wconf 90' lang='lat' dir='ltr'>soluti,</span> <span class='ocrx_word' id='word_1_270' title='bbox 609 3809 639 3872; x_wconf 91' lang='lat' dir='ltr'>in</span> <span class='ocrx_word' id='word_1_271' title='bbox 656 3811 749 3878; x_wconf 85' lang='lat' dir='ltr'>altum</span> <span class='ocrx_word' id='word_1_272' title='bbox 766 3814 997 3882; x_wconf 80' lang='lat' dir='ltr'>evolaverimus.</span> 
     </span>
    </p>
   </div>
   <div class='ocr_carea' id='block_1_10' title="bbox 0 0 1336 4742">
    <p class='ocr_par' dir='ltr' id='par_1_11' title="bbox 0 0 1336 4742">
     <span class='ocr_line' id='line_1_38' title="bbox 0 0 1336 4742; baseline 0 7"><span class='ocrx_word' id='word_1_273' title='bbox 0 0 1336 4742; x_wconf 95' lang='lat' dir='ltr'> </span> 
     </span>
    </p>
   </div>
  </div>
 </body>
</html>
