2664 4732
585 758 613 823 C
634 758 664 821 Α
683 759 706 822 P
725 761 757 823 U
776 759 807 823 Τ
845 759 872 826 l·

457 877 511 954 Dc
530 878 674 950 Socratis
696 881 730 950 t'tt
742 878 859 966 ,Deum
875 881 1007 977 pictore.
1089 928 1093 934 ·

471 1056 495 1139 5.
508 1055 534 1120 l.
556 1056 754 1140 Demonstrabo
765 1055 852 1142 pietat
868 1057 997 1119 Socratis.

255 1165 445 1303 socnam
461 1237 492 1300 in
505 1237 605 1302 Deum
622 1239 757 1322 pietatem
773 1239 825 1328 qul
839 1239 893 1301 rite
909 1237 1070 1302 diiudicare
1081 1239 1172 1316 velit,
1191 1241 1226 1311 id

254 1353 342 1416 agere
366 1333 467 1418 debet‚
488 1353 521 1396 ut
539 1327 574 1394 a'd
590 1333 710 1402 aetatis,
727 1353 786 1416 qua
800 1335 849 1395 ille
867 1335 962 1409 vixit,
982 1334 1224 1416 bominumque¹

255 1426 331 1490 iuter
346 1445 423 1508 quos
439 1426 535 1496 vitatu
548 1425 627 1509 egit,
644 1424 818 1505 religionem
839 1445 995 1510 moresque
1012 1426 1044 1487 dr
1058 1427 1223 1509 opiniones

255 1513 379 1584 studiose
398 1519 557 1600 seduloque
571 1535 697 1580 mentem
712 1535 886 1594 convertam
909 1537 965 1594 ne,
988 1519 1059 1580 dum
1073 1520 1220 1590 iudicium

255 1613 294 1674 de
310 1611 498 1674 Atheniensts
512 1611 593 1678 civia
614 1612 721 1693 pietate
743 1610 821 1678 serre
836 1629 983 1696 conatur,
1003 1611 1073 1676 suot
1096 1612 1221 1690 senllts,

255 1704 336 1768 suam
347 1705 518 1788 religionem
527 1705 614 1769 inilia
624 1721 758 1788 tempora
769 1707 940 1788 imprudens
948 1706 1116 1770 transferat.
1130 1709 1221 1780 Hane

255 1799 326 1864 mihi
338 1800 431 1880 legem
445 1799 593 1874 scribent,
609 1801 743 1880 proxime
756 1800 797 1861 ita
815 1800 978 1872 arbitrabar
995 1800 1032 1862 ad
1048 1801 1151 1864 iudicii
1165 1803 1218 1864 ali·

223 1953 227 1960 ,
255 1911 345 1974 quam
364 1891 541 1973 aequitatem
553 1908 602 1952 me
615 1891 754 1954 accedere
773 1891 865 1975 polle.
893 1891 970 1956 Cum
989 1909 1069 1954 vero
1081 1893 1221 1958 Graeco·

255 2008 322 2051 rum
342 1987 461 2064 animia,
474 1985 549 2074 sttut
567 1985 692 2049 aliorum
710 1988 900 2068 antiquorum
916 1987 1116 2070 populorum,
1131 1989 1221 2052 inve·

256 2095 350 2144 terata
368 2079 440 2144 ellet
456 2081 583 2166 plurium
604 2079 747 2146 Deorum
763 2081 882 2162 opinio,
901 2082 1071 2163 rituumque
1089 2082 1127 2144 ad
1143 2083 1221 2148 reli.

144 2210 153 2220 κ·
256 2179 377 2262 gionem
394 2193 500 2240 eorum
520 2175 710 2260 incitantium
728 2197 764 2242 ea
777 2177 865 2244 suerit
878 2177 978 2250 ratio,
992 2195 1026 2241 ut
1044 2179 1219 2261 religionem

254 2268 347 2354 ipsam
366 2271 395 2332 in
411 2269 446 2332 iis
464 2269 614 2344 seruatmis
633 2273 777 2334 contineri
793 2271 885 2352 vulgo
903 2290 1009 2340 omues
1023 2288 1136 2334 temere
1153 2293 1219 2356 pet.

255 2357 368 2428 suasum
388 2361 548 2440 baberentq
574 2361 798 2444 haudquaquam
822 2378 919 2434 tamen
945 2360 1087 2426 Socrates
1109 2365 1218 2428 eodem

256 2453 337 2529 boc,
361 2473 426 2536 quo
449 2456 583 2530 caeteri,
611 2455 719 2517 morbo
745 2451 907 2539 aegrotasse
934 2456 1094 2521 exillitnari
1121 2459 1217 2528 debet.

257 2544 413 2627 Quamvis
430 2549 508 2609 enlm
527 2548 590 2633 ipse
603 2569 672 2612 cum
687 2549 801 2633 populo
815 2548 928 2633 patrios
944 2549 1113 2633 sequeretur
1125 2555 1218 2630 ritus,

257 2637 371 2718 iegibus
387 2641 518 2704 civitatis
544 2645 593 2728 pie
616 2641 645 2707 se
670 2643 890 2720 submittent;¹
922 2645 1053 2708 animum
1079 2664 1177 2708 tamen
1198 2665 1219 2708 a

256 2731 340 2816 vulgi
359 2731 545 2816 persuasione
565 2735 655 2817 longe
670 2735 798 2800 alienum
815 2733 959 2812 babuisse,
980 2733 1144 2801 stornnino
1155 2737 1217 2800 eius
1328 2817 1329 2826 ἵ

256 2823 399 2893 sedricndi
412 2825 593 2908 vivendique
604 2825 748 2890 rationem
764 2823 999 2901 consideremus,
1011 2827 1172 2890 admodum
1182 2829 1216 2891 fit

256 2916 422 3004 probabile.
442 2915 535 2988 Sicuti
550 2936 629 2984 vero
649 2914 833 2980 inuniverso
852 2918 967 3000 populo
992 2918 1151 2981 notionum
1170 2938 1216 2982 ea·

256 3033 323 3082 rum
343 3013 481 3090 babitus,
503 3031 577 3096 quas
598 3013 635 3074 dc
655 3009 795 3094 supremo
814 3009 947 3076 Numine
968 3011 1059 3073 tnenti
1077 3009 1217 3074 informa-

257 3110 320 3186 vit,
339 3127 475 3192 magnam
495 3108 556 3172 vim
577 3107 608 3168 in
623 3105 737 3169 cultum
755 3122 908 3169 externum
927 3103 1048 3182 exserit,
1070 3107 1111 3168 ita
1130 3123 1163 3168 ut
1179 3108 1215 3168 ab

258 3205 385 3289 ipsarum
402 3206 558 3272 notionum
573 3203 687 3266 ratione
707 3202 806 3268 cultus
827 3202 948 3264 divinus
968 3221 1030 3264 nott
1051 3198 1139 3284 polstt
1156 3221 1213 3268 non

258 3299 391 3368 colorem
408 3299 535 3381 aliquem
554 3297 679 3370 ducerc;
703 3296 743 3359 stc
760 3299 846 3362 etiatn
864 3298 893 3358 in
914 3297 1032 3378 lingulis
1051 3297 1214 3363 hominibus

259 3391 320 3467 Dei
332 3391 446 3458 colendi
463 3389 571 3456 modus
586 3387 624 3449 ab
645 3387 705 3471 ipsa
719 3389 894 3462 notionum.
918 3408 992 3470 quas
1012 3389 1213 3470 unusquisque

261 3485 317 3549 fibi
341 3484 444 3568 fingit,
472 3481 587 3546 ratione
607 3480 721 3560 pendet.
754 3481 860 3558 Nune,
876 3481 1060 3546 stSoctatem
1082 3484 1212 3545 audimus

259 3579 391 3641 divinum
409 3576 528 3640 Numen
543 3573 583 3634 ira
595 3571 647 3634 stbi
659 3573 817 3656 cogitasse,
834 3593 866 3637 ut
880 3593 947 3637 aute
962 3593 1031 3638 eum
1042 3593 1132 3638 nemo
1144 3573 1212 3636 aliur

261 3672 520 3762 pbilosophorum
546 3667 669 3746 scilieet,
687 3665 744 3731 effe
765 3686 870 3731 mentun
890 3691 909 3728 a
923 3668 1043 3730 materiae
1059 3669 1211 3731 commutat

295 3843 309 3888 t
326 3827 399 3890 ileu,
409 3827 483 3892 Mo.
494 3827 561 3892 Soet.
570 3831 592 3887 l.
604 3843 617 3900 3
628 3865 637 3904 q
649 3845 673 3886 ι.
693 3827 739 3892 tv.
749 3844 763 3898 3
773 3866 783 3906 3
795 3827 835 3892 16,
845 3825 893 3896 (cs.
906 3824 970 3886 th.
981 3825 1075 3900 ἀίει,
1085 3827 1122 3885 11.
1134 3827 1183 3897 tl.)
