2654 4740
304 379 334 450 P
364 377 397 450 R
419 375 452 446 A
477 375 558 448 EF
581 373 673 448 AT
697 376 714 448 1
740 375 787 448 Ο.
993 361 1036 448 in

73 533 179 604 nobis
189 521 396 620 ‘adferatnm
415 533 543 604 referre
559 534 813 607 consuevimus.
838 533 933 608 Cum
945 535 1036 630 lapis

71 645 112 713 in
130 661 242 736 caput
259 643 421 714 nostrum
441 643 587 732 incidit,
608 673 630 716 a
651 646 755 744 sapide
778 645 954 745 sarstono:
976 644 1034 718 di·

71 751 206 822 cimus:
222 751 369 850 pluviam
382 751 606 850 madefecere.
629 757 769 825 cultrum
772 754 908 847 secare.
925 756 1034 848 ignens

73 885 170 930 urere
183 857 347 930 dicimus:
368 859 600 954 fimiriterque
612 861 658 932 de
670 883 741 932 una
752 886 790 934 re
800 885 967 956 corporea
979 883 1034 934 re·

72 963 196 1064 spessu
213 969 373 1056 asterium
399 970 498 1042 verbi
510 969 642 1058 caussa,
661 986 840 1068 magnetem
855 971 962 1066 visuri
980 987 1035 1042 ot·

74 1079 365 1178 tralmeserrum,
381 1080 515 1179 serrum
529 1083 655 1154 attrahi
668 1111 688 1154 a
701 1103 870 1180 magnete,
889 1083 922 1156 8c
939 1101 1033 1176 quae

75 1189 211 1265 suntid
223 1215 336 1288 genus
348 1189 425 1262 alia.
451 1191 500 1262 At
515 1191 616 1284 quod
632 1192 655 1262 fi
670 1193 755 1290 ipsas
768 1220 818 1264 res
831 1195 926 1276 illos,
944 1213 1033 1286 quat

74 1299 157 1368 talia
171 1322 293 1395 agere,
314 1301 394 1370 talia
412 1300 507 1392 pati,
529 1299 659 1374 talibus
675 1301 811 1374 viribus
824 1317 886 1371 aut
899 1301 1032 1372 nifibur

73 1405 333 1482 intorsissem
347 1409 520 1502 dicimus,
540 1412 754 1511 cognoscere
768 1411 956 1506 cupimus,
978 1434 1034 1484 ear

73 1514 237 1611 profesto
259 1543 327 1591 nec
349 1517 448 1590 sensu
470 1523 673 1614 percipere,
694 1540 734 1593 sc
751 1545 797 1592 ne
815 1539 938 1592 mente
953 1519 1036 1613 qoi-

75 1630 162 1702 dem
186 1631 384 1728 intelligere
408 1633 510 1734 nobis
537 1632 664 1704 darum
689 1633 753 1706 est:
780 1657 863 1704 narn
890 1633 943 1702 nil
966 1629 1046 1702 nifi'

73 1737 189 1809 sensus
211 1737 460 1832 perceptiones
483 1740 611 1810 nosiras
635 1738 956 1833 deprehendimus3
977 1736 1031 1824 sc,

73 1847 139 1918 ubi
150 1845 315 1918 subtilius
329 1847 550 1940 quaerimus,
572 1849 654 1921 unde
667 1852 752 1920 staec
765 1848 841 1922 talis
855 1847 959 1918 nobis
970 1845 1034 1916 ad·

73 1955 207 2026 feratur
225 1955 391 2043 sensatio,
420 1958 466 2030 ab
491 1985 558 2030 una
569 1957 755 2052 sensatione
777 1955 836 2060 (id
856 1979 942 2028 vero
960 1953 1032 2046 est,

74 2064 257 2162 adjetione
278 2062 403 2162 nostra)
436 2066 480 2136 ad
500 2065 599 2136 asiam
621 2063 851 2142 remittimur:
873 2088 925 2134 res
940 2062 1032 2161 ipsa,
1120 2143 1123 2152 ,

75 2193 171 2246 extra
186 2199 251 2246 nos
264 2175 477 2265 constituta,
502 2201 595 2270 quae
608 2176 705 2248 illam
718 2176 950 2247 sensationem
962 2197 1031 2246 no-

71 2285 287 2372 bissdserat,
303 2304 690 2382 nusquamcornparet,
704 2283 1033 2372 &,ven1mfiveli·

70 2403 153 2466 inus
165 2393 286 2481 fateri,
307 2395 401 2465 notis
419 2399 468 2466 rei
486 2397 601 2496 ipfiur,
630 2396 699 2468 five
706 2395 848 2490 subicssi
863 2414 959 2468 extro
975 2419 1034 2468 nor

69 2503 259 2602 corpsituti.
279 2505 339 2576 cui
358 2505 549 2578 tribuimus
562 2506 747 2599 qualitates
760 2505 797 2576 in
809 2504 949 2578 sensum
963 2529 1032 2576 no·

70 2613 181 2687 strum
195 2614 382 2703 cadentes,
407 2616 547 2688 nonnifi
559 2619 698 2716 fissione
717 2615 872 2710 quadam
889 2641 909 2688 a
926 2615 1032 2688 nobis

70 2723 246 2796 adiicitur.
270 2723 324 2796 lta
338 2725 406 2814 srt,
429 2745 471 2798 ut
480 2727 683 2822 substamr'oe
701 2725 825 2813 norio,
855 2743 1032 2818 quatenus

72 2859 152 2908 eam
173 2835 220 2908 sd
240 2861 295 2910 res
318 2859 503 2931 corporeas
521 2837 730 2926 referimus,
750 2837 840 2910 nihil
853 2837 894 2910 srt
907 2835 1031 2924 aliud,

72 2948 137 3019 nisr
161 2947 266 3020 notio
279 2951 430 3046 'nsfirrim
453 2949 611 3050 ipsormn.
630 2953 755 3044 (quem
773 2943 972 3048 quisquese
986 2947 1034 3042 51²·
1148 2962 1158 2982 ⁰

61 3057 144 3150 sum
157 3059 328 3153 adpellat)
345 3083 409 3152 per
421 3060 610 3157 psontofioe
627 3058 792 3154 quondam
810 3057 914 3150 susum
936 3072 1033 3128 extra

72 3193 131 3238 nos
148 3171 315 3242 tanslata.
341 3169 426 3236 trex
441 3167 569 3260 aduerso
587 3167 684 3259 nostri
699 3167 827 3234 locatas
852 3179 892 3234 ut
903 3213 924 3250 „
938 3185 1033 3256 qno·

71 3275 170 3344 niam
188 3271 519 3373 satisintelligimus
543 3269 819 3378 persuasumque
835 3270 1031 3362 habemus,

72 3383 190 3453 sensus
200 3385 448 3480 perceptiones
458 3407 533 3456 non
546 3381 613 3456 esse
625 3376 778 3456 assonet
789 3382 930 3472 nostras,
943 3409 1033 3484 vago

71 3495 234 3588 quadam
257 3517 458 3590 parumque
475 3511 575 3567 ‘certa
597 3493 748 3566 notione
768 3492 941 3590 fingamus
965 3493 1031 3566 esse

70 3609 173 3676 extro
185 3627 252 3675 nos
263 3605 401 3698 aliquid
412 3605 501 3692 tale,
524 3603 773 3697 qualesereest
782 3585 1032 3690 mensno'ttra,

66 3713 174 3783 cuius
189 3712 236 3783 ab
253 3730 418 3786 externae
438 3709 641 3786 reiectione
653 3709 857 3784 adferantur
869 3708 975 3782 nobis
987 3709 1040 3780 il·'

64 3825 124 3900 lae
136 3825 395 3922 perceptiones.
420 3868 423 3886 ·
