2662 4742
260 377 303 454 64
465 375 535 441 AN
564 369 810 440 cunulott
845 371 1037 440 RERUM

313 522 464 588 XXVIII.
484 523 541 586 Sed
566 515 645 592 illud
657 520 838 585 incommodi
864 521 974 584 babent
998 519 1055 586 bne
1076 519 1234 606 qualitur!

262 639 425 706 corporum
442 615 601 691 sensrbiler,
623 634 656 678 ut
678 635 738 678 non
761 613 816 678 nifi
835 613 994 680 secundum
1017 615 1122 678 variam
1140 638 1234 700 corpu·

265 737 321 780 run
334 731 496 776 extentorum
515 712 554 772 nd
562 729 656 792 cerpus
668 713 781 792 nostrum
802 711 952 772 nimionun
969 729 986 772 a
1002 710 1091 774 nobis
1110 729 1234 793 coguo-

264 809 394 874 scentur.
425 805 533 886 Quum
555 801 633 879 enim
654 800 737 864 sensu
759 801 905 884 utiusque
925 801 981 864 hae
1000 802 1159 886 qualitates
1175 803 1233 869 fine

156 979 158 984 ,
263 899 485 990 percipiendam
499 899 556 960 iarn
570 915 633 960 non
648 896 733 960 aliter
742 893 884 980 cognosci
899 893 1037 978 possunt,
1055 895 1108 960 nifi
1122 915 1235 981 quate·

265 1017 323 1064 nur
335 995 468 1062 cuiusv'u
488 991 589 1077 ungui
605 991 733 1056 homiuis
748 1010 861 1074 organa
881 990 1110 1058 sirstmdentr
1128 969 1247 1069 senso·‚

266 1095 311 1158 ria
322 1093 352 1154 id
368 1090 467 1153 serunt
478 1106 570 1178 atque
588 1085 755 1168 pariuntur,
774 1106 831 1172 pro
844 1087 1037 1150 derermInatn
1051 1085 1236 1170 sua·qunvir

265 1205 402 1271 tempore
425 1183 652 1258 constitutione,
676 1183 709 1247 dt
730 1202 786 1266 pro
803 1184 891 1247 vetio
909 1182 965 1246 firu
985 1203 1075 1268 quem
1097 1183 1235 1266 respedu

266 1284 311 1348 rei
329 1278 461 1346 oueeae
482 1277 609 1342 serrant.
639 1277 681 1340 Ex
701 1296 766 1361 quo
787 1297 848 1342 non
872 1277 968 1342 solum
986 1279 1046 1344 hoc
1066 1277 1117 1354 fir,
1133 1295 1168 1342 ut
1186 1297 1235 1342 rer

266 1377 407 1450 eaedem,
424 1391 516 1455 arque
526 1371 644 1436 nedem
659 1373 797 1455 corporis
812 1374 944 1437 eiusdem
963 1391 1080 1457 parter,
1098 1373 1170 1438 litet
1180 1392 1235 1458 per

268 1468 298 1534 se
315 1488 378 1534 non
394 1482 522 1530 mutatae
538 1463 664 1541 suerint,
689 1481 791 1529 tamen
811 1486 867 1550 pro
883 1465 1004 1530 diverfir
1023 1468 1236 1550 temporibus,

268 1567 302 1630 dt
314 1585 371 1648 pro
386 1560 503 1626 diverso
511 1561 588 1624 datu
599 1562 631 1624 dr
645 1559 701 1624 situ
713 1563 847 1644 eorporis
862 1561 952 1626 nostri
965 1563 997 1624 u
1009 1563 1075 1626 eins
1082 1563 1237 1646 partium,

267 1663 357 1726 aliter
373 1677 464 1741 atque
478 1655 562 1718 aliter
577 1673 632 1718 nor
651 1653 803 1733 adficient,
820 1656 841 1720 i.
855 1673 882 1718 e.
900 1655 964 1720 aliie
976 1671 1066 1739 atque
1080 1655 1144 1719 aliis
1157 1675 1238 1740 qua·

266 1754 402 1819 litoribus
426 1749 580 1814 iustrudae
602 1750 771 1838 videantur.
802 1749 919 1814 Verum
942 1751 1055 1826 etiem,
1082 1753 1184 1828 linet„
1200 1769 1237 1816 ut

268 1847 367 1922 einnt,
382 1846 472 1910 uqus
490 1842 586 1908 sensus
596 1841 646 1906 vel
662 1843 861 1928 perceptionis
874 1862 992 1908 errores
1004 1861 1057 1927 per
1069 1845 1160 1908 altum
1171 1843 1239 1908 sen·

235 1953 239 1966 ·
266 1943 331 2008 sum
342 1957 395 2005 aut
406 1940 491 2002 alum
502 1939 633 2003 eiusdem
645 1937 742 2002 sensus
751 1941 972 2022 perceptionem
987 1942 1239 2024 corrigaouu31b

267 2055 320 2102 cet
337 2038 485 2102 variarum
500 2055 555 2118 pro
570 2037 660 2100 veniit
675 2035 899 2100 circumstantie
917 2037 1140 2122 perceptionum
1158 2033 1238 2100 sum·

269 2151 319 2197 ma
332 2131 528 2205 subducatur,
541 2147 631 2212 arque
649 2150 687 2194 ex
703 2130 757 2194 hnc
778 2128 890 2194 summa
907 2131 1055 2214 quoddam
1072 2127 1157 2214 quafi
1170 2151 1241 2194 me-

245 2285 250 2298 ,
268 2223 348 2286 dium
363 2222 586 2304 proportionale
599 2241 737 2300 eruetur,
751 2238 974 2306 quorumquam
987 2222 1140 2286 communi
1152 2243 1240 2288 men·

161 2370 167 2390 ,
268 2315 337 2384 surd
350 2315 383 2380 dr
394 2315 541 2396 aequabili
558 2333 677 2378 uramur
690 2317 720 2378 in
740 2317 928 2380 nesIImandis
942 2317 1134 2400 qualitatihus
1148 2315 1241 2380 senst-

267 2411 391 2474 biIibus:
416 2405 502 2471 facile
527 2426 625 2472 tamen
650 2410 842 2492 inrelIIgitur,
863 2409 942 2472 iilam
967 2427 1085 2472 omnem
1109 2427 1240 2492 operum

266 2505 367 2589 (quae
377 2499 550 2584 quidemst
567 2501 706 2566 adcurate
717 2501 902 2580 instituatur,
912 2520 972 2564 tam
985 2503 1021 2566 ad
1036 2500 1119 2565 usum
1134 2501 1242 2566 cuius·

268 2617 329 2681 que
342 2597 514 2679 priuatum,
526 2613 618 2679 quam
627 2597 665 2660 ed
679 2596 792 2662 nostras
799 2597 1005 2680 perceptiones
1017 2615 1085 2660 cum
1097 2595 1164 2658 aliie
1174 2595 1240 2660 ser-

268 2693 369 2756 monir
380 2707 439 2772 ope
450 2691 732 2768 communientes,
751 2691 948 2757 utiliffimnest
958 2693 991 2757 dr
1008 2693 1093 2773 piune
1106 2689 1241 2756 neeesse·

266 2785 333 2868 ria)
350 2784 466 2850 efficere
484 2799 657 2846 tamennon
675 2781 777 2867 posse,
795 2803 859 2868 quo
874 2785 1078 2848 minusomnis
1092 2783 1242 2846 nostrade

266 2881 323 2946 illis
341 2879 534 2964 qualitatibus
548 2875 727 2940 senfibilibns
736 2877 870 2960 cognitio
889 2877 1004 2962 semper
1021 2890 1142 2938 maneat
1155 2891 1242 2936 mere

267 2975 445 3060 hypothetica.
470 2973 566 3048 Nam,
581 2987 614 3035 ut
628 2971 686 3035 boe
697 2989 811 3036 taceam
822 3015 832 3048 ‚
843 2971 927 3056 quod
939 2971 1025 3054 saepe
1036 2984 1161 3032 monent
1173 2967 1241 3032 Phi-

267 3069 406 3152 losophi,
421 3067 510 3130 valde
522 3065 669 3129 Incertum
688 3061 765 3141 effe,
786 3083 824 3126 an
835 3064 899 3128 duo
920 3063 1111 3128 inveniantur
1123 3061 1156 3122 In
1167 3079 1242 3124 om-

193 3195 197 3200 ’
266 3166 470 3233 uibominum
487 3179 613 3244 genere,
630 3160 682 3244 qui
697 3159 814 3224 eusdem
832 3178 879 3222 rer
895 3157 1030 3222 obsedes
1045 3155 1154 3220 eodem
1172 3157 1241 3238 pla-

267 3278 308 3322 ne
325 3260 419 3322 modo
438 3256 567 3321 sensibus
584 3255 641 3321 suit
660 3257 841 3342 percipiam
861 3257 920 3320 boc
933 3257 1061 3338 quisque
1084 3253 1242 3338 inteXIgit,

267 3353 369 3436 quod,
387 3351 528 3432 fiquidem
539 3349 734 3413 instrumenta
748 3348 882 3412 sensuum
892 3349 1060 3412 nostrorum
1075 3346 1168 3412 essent
1182 3347 1244 3412 alid

268 3445 387 3511 ratione
409 3441 584 3516 tabenna,
605 3459 656 3504 nur
680 3459 840 3524 parumper
860 3439 1030 3516 immutata,
1054 3442 1113 3504 iem
1135 3441 1243 3504 omnia

268 3539 325 3604 uir
338 3535 465 3600 esserum
478 3533 669 3616 percepturi,
680 3533 810 3614 &longe
820 3530 891 3594 alias
900 3531 1072 3614 qualitates·
1064 3552 1096 3596 ur
1112 3533 1157 3597 b'u
1171 3529 1250 3617 ipfit

267 3635 375 3709 rebus,
388 3647 468 3694 nunc
483 3626 570 3692 uobis
583 3623 722 3702 obedis,
740 3621 941 3688 observaturi.

279 3724 428 3788 XXIX.
450 3721 495 3785 Ex
508 3721 617 3804 quibus
635 3739 704 3784 cum
727 3716 832 3804 sponte
845 3719 937 3796 flunt,
957 3719 997 3784 de
1014 3716 1099 3781 omni
1116 3663 1247 3802 ,uuu-

271 3835 327 3882 rm
336 3815 493 3901 scurrilium
506 3831 612 3898 genere
629 3813 702 3880 nibil
715 3811 798 3900 posse
816 3765 994 3898 corporibus
1002 3810 1121 3893 abssrluu
1133 3810 1246 3876 tribui·
1236 3856 1252 3889 ,
