2662 4742
360 403 719 482 SOCRATI&
934 349 1021 506 nst

50 565 162 632 soentet
173 565 212 630 ad
226 559 429 646 capellendant
441 562 655 648 rempublicam
666 563 852 644 accederent,
867 585 959 650 quam
968 587 1022 652 pe·

50 678 116 722 tunt
134 657 217 724 redte
235 657 266 720 in
283 656 417 740 plurimis
433 657 523 722 rebus
535 656 578 720 ob
592 657 657 719 veri
671 661 831 734 momenti,
850 661 932 746 quod
945 662 975 726 in
986 681 1022 728 re

52 770 172 836 quaque
187 745 312 824 inesset,
334 745 552 834 ignorationem
573 747 669 830 vulgo
687 747 852 816 iudicarent
868 752 1023 834 hominen,

52 847 179 912 definire
198 844 314 910 solebat
331 844 497 922 Socntee,
508 843 580 930 quid
596 844 672 928 piem
690 841 780 922 essct,
801 847 872 928 quid
890 849 1020 933 impiump

53 944 123 1028 quid
136 945 273 1025 bustum
280 985 291 1014 ,
309 939 379 1026 quid
396 958 468 1025 turpe
476 963 490 1017 ,·
504 939 576 1022 quid
588 941 700 1022 iustum,
715 941 786 1023 quid
794 942 918 1022 iniustum
923 971 938 1024 ‚·
949 947 1021 1030 quid
1094 943 1099 950 '
1124 967 1127 974 ·

52 1037 216 1120 ptudnrtia,
232 1033 308 1118 quid
318 1034 456 1116 stultitam·
474 1033 705 1118 quidfortitudp‚
720 1035 790 1120 quid
805 1040 915 1118 ὶςιιινὼ
924 1065 938 1118 ,·
950 1043 1025 1125 quid

54 1133 165 1210 civitae,
184 1131 259 1214 quid
276 1128 391 1192 detulit
409 1133 505 1206 redon·
522 1129 594 1212 quid
609 1130 759 1210 deperiunt,
781 1132 853 1215 quid
869 1133 1020 1219 imperans,
1114 1170 1122 1194 t

56 1225 86 1288 dr
100 1224 175 1300 alia,
192 1241 275 1306 quae
287 1220 386 1288 vitum
403 1221 515 1286 bonum
531 1237 623 1306 etque
636 1221 792 1288 honestum
806 1225 945 1308 ignorare
957 1238 1019 1298 non

55 1321 147 1384 decet.
160 1333 173 1386 5
198 1317 345 1380 Omnium
363 1317 453 1400 igitur
469 1317 595 1380 maxime
612 1317 719 1380 meruit
734 1316 871 1383 Socraten
885 1321 924 1385 de
937 1341 1023 1408 tepu-

57 1411 151 1489 blica,
173 1412 224 1478 cui
240 1411 358 1488 bonor,
375 1409 486 1484 inunt,
503 1409 609 1476 nouos
627 1415 712 1475 cives
727 1409 831 1488 tinair3
849 1413 888 1476 de
904 1434 1023 1484 morum

57 1506 225 1593 disciplina,
243 1503 330 1570 cuiue
346 1503 507 1568 notionum
523 1501 599 1570 fines
613 1503 778 1569 constituit:
799 1505 836 1572 de
850 1505 1021 1596 Theologia
1094 1577 1099 1596 ,

56 1601 227 1686 praecipue,
247 1599 318 1682 quia
333 1596 420 1662 ltuiua
436 1597 566 1662 univetfi
582 1599 736 1664 auflotem
750 1600 784 1666 dt
799 1601 1022 1670 moderatorem

58 1697 175 1761 minime
183 1691 350 1778 spernendo
357 1689 485 1758 successu
495 1739 507 1771 ,
518 1712 663 1777 quatenus
670 1697 771 1764 datum
781 1696 823 1760 cll
830 1695 945 1761 homini
952 1696 1023 1764 solie

60 1785 689 1868 naturaeviribusconuitenti,explornvit.
708 1788 822 1854 Primus
831 1792 912 1856 eninr
923 1789 1023 1856 senio·

60 1903 116 1948 rem
129 1885 162 1949 dt
176 1883 214 1947 ad
228 1879 447 1946 finilttndinem
466 1879 846 1966 veritatis'propenlintem
865 1884 1022 1954 notionem

60 1973 94 2037 de
111 1993 218 2042 natura
237 1973 340 2038 ditium
356 1971 457 2036 enimn
471 1967 667 2048 informavitt
684 1974 772 2046 &eo
790 1977 910 2060 quidem
926 1999 1022 2066 utque

58 2065 150 2132 litum
164 2067 320 2152 pervenit,
334 2081 369 2128 ut
383 2081 444 2127 nort
457 2063 551 2128 modu
562 2061 721 2148 superioris
732 2067 801 2130 aevi
812 2068 1021 2157 philosopha,

60 2163 89 2228 in
105 2166 295 2250 ignoratione
305 2161 449 2226 ‘veritatis
465 2159 636 2238 versantes,
663 2162 757 2246 longo
775 2162 936 2233 intervallo
954 2172 1021 2254 poli

60 2255 87 2320 le
100 2260 302 2344 relinqueret,
318 2255 367 2320 sed
386 2258 415 2320 dr
432 2254 553 2320 summis
568 2254 601 2320 dt
618 2255 787 2320 acutiffimie
805 2259 893 2338 vitis,
910 2265 1022 2344 quibus
1099 2301 1101 2308 ·

60 2347 150 2416 facem
164 2349 329 2435 praetulit,
341 2348 412 2412 uiltil
424 2345 485 2412 sere
494 2347 600 2431 reliqui
611 2346 726 2412 fecerit.
748 2345 855 2414 Nullus
870 2356 949 2418 enim
965 2377 1023 2421 eo·

59 2466 141 2524 rum,
160 2445 214 2529 qui
232 2444 384 2508 Socratem
401 2440 497 2507 secuti
513 2440 581 2507 sunt
602 2441 788 2528 philosophi,
808 2451 947 2530 quamvis
962 2449 1021 2518 else

58 2535 156 2602 Deum
171 2537 278 2602 maiori
293 2533 369 2600 forte
386 2551 629 2618 argumentorum
643 2545 785 2615 numero,
801 2559 894 2623 'quant
910 2537 1020 2608 Socra·

58 2645 112 2707 tet,
127 2628 407 2704 demonstraverint,
432 2645 484 2692 aut
500 2627 670 2710 argumenta
685 2648 704 2690 n
718 2627 839 2695 Soctate
851 2633 967 2716 prolata
978 2635 1034 2702 u:

60 2725 118 2790 tius
127 2726 317 2801 diduxerjrtt,
331 2721 497 2805 magistrum
510 2722 639 2785 clariore
651 2723 682 2787 dt
693 2722 830 2789 firmiore
844 2725 903 2790 Dei
915 2731 1021 2814 cogni-

61 2821 155 2896 tione,
170 2823 298 2901 pietate,
315 2817 348 2881 dr
362 2817 562 2899 adplicatione
575 2813 762 2900 Theologiae
776 2821 945 2884 admotum
958 2821 1023 2888 sor.

60 2915 218 2976 mationem
236 2928 378 2993 umquam
396 2908 556 2992 superavit.
579 2899 688 2990 Quin,
707 2927 777 2972 cunt
792 2911 886 2991 probe
904 2911 1023 2996 perspe-

60 3005 120 3070 θοι
134 3002 278 3070 habuisset
289 3003 429 3068 Socrates
444 3005 498 3085 (ut
511 3021 550 3064 ex
563 3003 646 3066 omni
659 3005 725 3064 eius
738 3002 962 3086 philosophandi
974 3025 1023 3068 ta·

59 3098 138 3162 tione
157 3099 244 3163 nobie
262 3098 404 3180 colligere
426 3095 511 3176 licet)
531 3093 697 3158 intelledlus
716 3095 838 3156 humani
860 3095 1023 3175 terminos,

61 3191 129 3255 drirt
138 3209 245 3255 earum
262 3209 363 3254 terum
377 3186 579 3272 inquisitione,
588 3203 667 3269 quae
676 3186 733 3249 hos
745 3185 854 3249 limitet
864 3205 926 3252 non
939 3207 1025 3256 exce·

93 3393 106 3446 ς
124 3375 257 3431 morat·
273 3377 295 3430 1.
309 3393 339 3444 t,
357 3374 398 3430 16.
414 3373 485 3427 llaec
499 3373 582 3428 omnia
604 3371 843 3444 Socrates‘adpelltt
859 3375 975 3431 imane:
992 3377 1023 3431 ad

120 3478 187 3535 quae
203 3459 293 3514 cundia
308 3445 401 3514 tesetre
416 3459 535 3523 videtur,
550 3471 614 3526 qnae
633 3457 665 3512 td
681 3455 759 3510 vitam
769 3458 898 3512 humanam
918 3459 1024 3528 eiusque

120 3545 272 3598 felicitatem
287 3539 484 3611 promovendam
493 3538 605 3603 ficiunt,
619 3549 648 3590 nt
662 3555 708 3590 nec
721 3537 796 3606 ipsam
814 3535 932 3588 Numinis
942 3537 1025 3610 divini

120 3623 294 3696 cognitionem
309 3638 342 3674 eat
358 3620 407 3672 hoc
422 3634 512 3688 genere
529 3636 601 3669 rerum
615 3615 766 3668 lumanamm
781 3615 908 3666 excludat.
929 3613 1026 3668 Hume-
1047 3643 1050 3652 .

121 3705 163 3756 rtis
178 3705 288 3771 opponit
306 3702 387 3752 diviua
403 3695 429 3750 dt
447 3696 572 3760 carindia:
588 3697 679 3764 quibus
698 3693 890 3763 complellitut,
910 3711 973 3763 qune
993 3697 1023 3748 ad

122 3783 271 3856 thynnam,
287 3801 360 3854 quam
377 3779 563 3848 ,Theotet'rcam
579 3795 715 3842 vocamus,
730 3794 809 3848 prout
829 3795 858 3832 ea
874 3791 957 3834 aetate
973 3779 1022 3836 do.

121 3867 246 3948 cebatutp
257 3854 426 3938 &praecipue
437 3863 469 3918 ad
481 3847 668 3934 Cosmuloginrn
684 3860 839 3939 generalem,
852 3859 974 3934 speciant.
1004 3891 1023 3914 ι.
