2674 4730
983 409 1012 446 χ.

294 474 874 544 inaruerunt·
976 454 1054 564 '91

83 627 122 696 aa
138 595 253 692 herrm
268 624 386 690 ranna
404 624 606 704 intuentum,
624 627 770 711 exposun.
795 628 876 694 nvn.
891 619 956 692 un.
972 587 1055 712 up,
1151 649 1155 674 .

83 744 148 806 ⁴37
161 739 238 786 eatt.
254 719 287 784 dt
300 718 344 802 sq.
375 715 454 782 Tum
467 737 560 794 veto,
571 720 678 784 abhinc
687 719 785 784 vetbia
794 713 863 784 aire
876 720 1056 803 papiniani

83 819 256 898 neptalin,
274 833 352 900 quae
364 815 470 878 eodem
485 815 557 878 ioco
566 835 596 900 p.
610 833 675 896 ης.
685 835 714 878 a.
726 815 862 898 proxime
871 814 1055 900 sequuntur,
1179 823 1180 828 ’

83 933 146 975 tota
161 911 307 991 Crofftanet
321 909 497 994 expeditionis
509 907 653 991 Historia,
666 927 744 990 quae
753 927 849 990 usque
859 909 932 993 adp.
950 925 1018 994 ῐςς.
1027 930 1055 976 e.

82 1003 281 1090 perducitur,
300 1021 340 1064 ex
355 999 591 1079 Paventinam,
607 1001 697 1084 (inde
714 1021 733 1064 a
752 1019 818 1086 pag.
837 1021 903 1082 552.
916 1002 944 1068 <l
958 1021 1056 1086 usque

82 1098 229 1165 adfinem
249 1097 329 1160 Vitae
345 1096 441 1176 Craffi,
459 1115 491 1181 p.
510 1098 576 1180 5⁶5·
592 1096 644 1181 b.)
667 1098 747 1178 piane
762 1100 948 1162 adverbum
961 1115 1058 1164 trans·
1191 1115 1196 1146 ¹

81 1195 193 1280 scripta
211 1191 261 1258 eli.
291 1191 370 1256 Nam
389 1211 568 1276 quamquam
586 1191 618 1254 in
638 1191 695 1256 hac
716 1193 815 1257 eadem
836 1193 1054 1278 compilatione

81 1289 156 1353 satis
172 1287 266 1350 muira
283 1304 461 1364 occurrunt,
481 1285 713 1349 aPturancrtt
731 1287 850 1364 verbio,
867 1303 962 1370 prout
975 1303 1011 1348 ea
1025 1287 1056 1350 in

80 1379 216 1464 vulgatis
230 1377 318 1441 huius
329 1377 487 1458 Scriprotis
503 1379 725 1459 exemplaribus
738 1379 898 1461 leguntur,
913 1375 993 1440 haud
1007 1395 1057 1458 pa·

80 1493 151 1538 rum
164 1471 362 1553 discrepantia
375 1492 384 1547 3
402 1488 499 1535 totum
515 1491 615 1536 tamen
632 1475 789 1556 discrimen
803 1493 865 1536 non
879 1471 932 1536 nisi
949 1474 980 1536 in
994 1471 1056 1534 iin-
1141 1495 1146 1501 ·

81 1567 162 1652 gulis
176 1566 308 1629 vocibus
322 1581 374 1628 aut
392 1563 533 1628 brevibus
547 1564 697 1648 phrasibus
715 1564 808 1642 inest,
827 1583 906 1649 quae
923 1561 1057 1626 libratio·

81 1679 149 1723 rum
166 1657 258 1742 culpa
272 1656 526 1740 negligentiaque,
545 1679 616 1722 moa
632 1658 662 1720 in
677 1657 739 1740 ipsa
752 1657 810 1721 bac
827 1657 957 1720 Parthica
970 1675 1057 1720 com·

81 1753 251 1837 pilarione,
267 1751 306 1826 n)
326 1771 396 1815 moa
414 1753 505 1816 etiam
521 1753 552 1816 in
565 1751 762 1816 enormem
776 1751 975 1825 enitionibus,
990 1749 1055 1812 sive

82 1845 211 1911 omiliae
230 1843 315 1919 sunt,
336 1845 396 1910 live
413 1837 583 1931 corruptae.
613 1850 716 1932 litque
734 1849 814 1912 bona
830 1846 952 1931 quidem
969 1843 1056 1908 Pau·

80 1955 220 2006 nancti!
242 1939 363 2004 fortuni
384 1943 426 2006 ita
447 1943 571 2020 cecidit,
593 1958 630 2007 ut
655 1943 787 2025 plurimis
809 1943 840 2004 in
861 1941 939 2003 iocis
958 1937 1056 2002 multo

81 2037 175 2100 eriam
197 2033 399 2100 emendatiora
419 2033 477 2096 sant
496 2033 726 2117 compilationis
748 2035 836 2097 buius
855 2030 1055 2114 exemplaria,

81 2146 174 2210 quam
189 2123 317 2208 ipsarum
332 2125 530 2194 Ptuneactlt
550 2130 672 2190 Viennam
689 2127 855 2192 editiones:
875 2144 939 2208 quo
953 2123 1056 2201 tin-ur

82 2221 202 2304 probae
219 2219 295 2282 haud
313 2239 424 2304 paucae
442 2221 606 2298 leiiionet,
620 2239 697 2304 quae
708 2221 788 2306 apud
802 2217 987 2284 Plutarchum
1000 2235 1054 2302 per

80 2318 276 2380 librariorum
289 2317 500 2400 editorumque
511 2317 720 2402 negligentiam
732 2313 997 2400 depravataeiunt,
1007 2316 1054 2378 ei·

82 2413 153 2474 dem
168 2409 303 2492 legitimo
312 2409 436 2473 domino
448 2427 487 2472 ea
499 2409 715 2494 Compiiatorit
728 2409 822 2475 nostri
838 2408 924 2474 lutto
940 2407 1054 2474 teiiitui

80 2501 268 2592 poiiliminlo
278 2500 384 2588 poilint
395 2503 588 2588 debeantque.
605 2501 649 2588 ss)
751 2529 758 2544 ·

150 2659 217 2710 eiam
233 2676 286 2710 non
298 2657 445 2720 inveniente
464 2659 530 2713 idem
544 2663 652 2714 verbena
665 2660 698 2713 ab
713 2661 852 2731 Argustana
867 2659 944 2714 etiam
956 2659 1053 2716 Codice

149 2737 218 2792 teile
233 2735 312 2793 abeli.
344 2737 404 2810 Pag.
427 2738 486 2800 156.
506 2755 529 2791 a.
550 2737 606 2807 post
622 2739 701 2792 verba
716 2735 812 2807 ipone·
822 2740 867 2804 pir
882 2739 988 2807 mnne
1003 2737 1052 2792 hi·

148 2819 268 2882 meiet,
294 2816 360 2872 idean
380 2818 531 2888 Augustanus
552 2817 643 2883 Liber,
666 2833 778 2888 quatuor
797 2821 892 2880 verba,
917 2817 961 2872 atei
977 2821 1052 2885 eripe

148 2896 257 2955 barim
272 2897 390 2968 epeinir,
409 2914 475 2966 quae
492 2915 524 2951 eo
542 2901 601 2953 ioco
619 2901 685 2969 apud
702 2898 856 2952 Platorium
871 2913 932 2967 pap.
948 2912 1008 2965 9²9·
1025 2913 1053 2949 c.

147 2976 241 3031 inserta
252 2980 385 3048 leguntur,
405 2977 495 3029 eodem
511 2977 613 3046 pterim
628 2979 704 3030 modo
717 2976 833 3046 'eapreist
849 2977 935 3030 hebet.
960 2973 1053 3029 Eidem

149 3075 178 3128 p.
194 3057 251 3123 156.
266 3059 292 3111 b.
307 3057 393 3110 verbis
407 3054 479 3108 «irie
492 3048 518 3106 li
532 3057 688 3125 χιμζὸμηοσ
702 3057 770 3111 idem
784 3057 874 3109 codex
886 3053 971 3119 teile,
987 3053 1052 3130 deut

146 3135 303 3196 remmio,
319 3153 411 3190 vocem
420 3132 528 3201 Keieepe
539 3135 659 3188 insertam
669 3136 782 3188 exhibet.
801 3135 942 3203 Eademque
952 3134 1053 3188 unone

150 3215 251 3285 saepiat
266 3215 339 3278 aliis,
355 3215 533 3272 medericum
547 3213 621 3265 ilium
637 3213 756 3265 codicem
769 3211 787 3264 st
803 3212 937 3288 inspiciat,
953 3215 1051 3266 nubum

150 3299 219 3352 iniet
228 3299 397 3368 fragmentum
408 3293 459 3348 hoe
468 3291 676 3358 Pramum,
696 3309 774 3364 atque
787 3296 855 3349 inter
868 3295 920 3366 ipsa
931 3293 1054 3350 Plutarchi

150 3379 316 3446 exemplaria,
331 3377 464 3430 discrimen
476 3377 589 3446 adparet.

93 3457 135 3526 aa)
154 3453 301 3523 speciminis
317 3455 536 3520 loco‘virieamnt,
557 3473 573 3505 a
590 3457 668 3508 acedia
681 3458 770 3526 pagina
789 3469 847 3520 552.
865 3454 933 3524 apud
949 3451 1050 3506 Plutar-

150 3535 233 3596 ciam,
252 3551 303 3604 qua
319 3535 421 3588 initiunt
435 3534 511 3587 hedua
526 3535 658 3608 fragmenti
673 3538 837 3599 continetur,
855 3553 926 3604 usqae
939 3535 1052 3604 adpinum
1123 3570 1124 3579 .

149 3615 251 3668 eiaedm
260 3618 378 3686 paginae,
392 3627 457 3684 quot
466 3613 618 3684 sphalmata,
637 3633 701 3686 quae
710 3615 833 3670 Plutarchi
843 3614 995 3681 exemplaria
1004 3629 1052 3666 oc·

152 3707 297 3769 euparunt,
319 3695 396 3750 buitta
412 3696 605 3764 Compiiationit
625 3715 675 3766 ope
692 3698 750 3749 tolli
766 3695 869 3765 poibnt.
899 3694 980 3764 igitur
995 3693 1049 3764 pri-

151 3791 233 3837 mum,
252 3773 295 3826 ubi
310 3775 377 3844 apud
392 3771 543 3828 Fluentium
559 3793 616 3848 pag.
634 3791 691 3842 55²·
706 3793 731 3829 e.
746 3775 796 3839 eii,
812 3775 1050 3844 monumnenta

149 3851 235 3906 ciali
241 3871 330 3918 aaaaa
351 3855 408 3926 lege
425 3871 458 3908 ea
477 3855 525 3908 hae
541 3854 653 3910 emma
667 3856 866 3925 compilatione,
885 3849 1057 3928 initiarer,

150 3930 337 4005 diddquum
349 3920 458 3990 fite‘llr
472 3925 499 3988 ii
515 3931 572 3992 aia
585 3933 734 4012 datiam
748 3939 760 3990 i
776 3937 861 4008 ahiper
873 3933 973 4006 haurn,
987 3937 1049 3994 milti
