2662 4742
248 503 252 510 ,
285 469 344 529 nn
376 447 714 540 ⁴scttrnnrtnnun
735 447 1147 518 rntmsortnctnunt

196 575 199 586 '
282 589 482 674 nnetrtgann,
504 609 553 654 nn
570 589 723 679 matun
742 591 819 656 nnn
835 593 991 667 vunan,
1009 613 1139 676 qm
1159 591 1257 658 nur·

155 679 159 686 ’
280 686 348 748 inter
356 687 425 770 duat
435 707 553 770 quasque
562 687 703 750 intercedat
710 734 722 763 ,
738 707 787 750 atet
798 711 909 770 gunnam
921 693 998 752 ntude
1009 691 1154 774 compium
1163 711 1252 771 geae-

281 784 362 853 dan,
379 801 431 862 pro
449 805 481 845 ea
500 786 619 858 ratione,
639 805 718 866 quant
737 784 1060 866 interleserunm,fint
1076 789 1117 848 nd
1133 789 1255 869 αὖραι·
1321 771 1322 794 ¹

279 871 363 934 alirn
376 871 501 952 adfednn
521 873 557 936 Et
572 873 712 958 distingui
727 874 845 957 quidem
860 873 943 938 torte
960 876 1068 956 poterit
1085 877 1165 940 inter
1177 877 1255 940 lud-

278 968 349 1032 ct'un
367 983 459 1052 atque
468 968 644 1050 sententian,
664 969 723 1032 boc
740 968 802 1032 lere
819 968 931 1041 modo,
950 989 984 1032 ut
998 970 1090 1032 indic-ii
1104 973 1253 1048 nomine,

279 1060 474 1142 cogitationis
486 1061 669 1136 huiusmodi,
680 1059 798 1142 qualem
809 1059 868 1124 diti
881 1107 891 1137 ,
903 1068 977 1122 edus
986 1059 1040 1146 ipse
1049 1060 1251 1148 significeture

278 1171 349 1218 cunt
362 1157 449 1237 statu
466 1174 574 1220 contra
596 1157 663 1231 ille,
678 1156 732 1238 qui
749 1153 848 1218 adum
865 1155 945 1220 bunc
961 1155 1178 1241 consequitur,
1200 1159 1254 1223 vel

279 1249 391 1312 iniittu
407 1251 519 1326 mutu,
538 1269 601 1333 quo
617 1249 653 1312 de
670 1269 704 1314 te
718 1251 846 1333 quadam
861 1250 921 1312 tnle
936 1251 1086 1333 quoddam
1104 1239 1252 1314 iudicium

278 1340 380 1420 fene,
400 1345 520 1428 quotles
541 1343 670 1420 incidit,
689 1359 723 1407 ut
743 1343 772 1405 id
793 1361 931 1425 agamus,
952 1341 1099 1415 soletum,
1118 1341 1255 1423 sententia

278 1441 377 1524 potius
387 1441 563 1522 adpelletut.
583 1441 639 1504 Sed
652 1457 786 1522 utroque
799 1443 889 1503 etium
905 1441 1044 1516 nornine,
1061 1440 1138 1504 cina
1151 1439 1253 1504 ambi-

277 1536 399 1619 guitatis
410 1553 462 1598 tut
472 1533 658 1600 obscuritatis
668 1533 853 1618 periculum,
867 1533 970 1598 libebit
986 1534 1166 1615 plerumque
1179 1551 1252 1615 pto-

277 1625 386 1691 milcue
398 1627 454 1690 uti.
483 1627 591 1690 Verbis
605 1643 706 1695 acuent
722 1625 854 1710 exprella
869 1644 963 1710 atque
979 1627 1125 1690 declarata
1142 1625 1253 1688 utentis

277 1721 399 1798 iudicia,
415 1721 624 1786 Enuncintionts
635 1723 762 1800 vocari,
782 1722 834 1786 vel
844 1721 1035 1804 Prupofitioncs
1042 1765 1054 1793 ,
1065 1718 1118 1802 qui
1130 1719 1251 1801 quidem

277 1813 439 1879 Dialeilicn
448 1816 498 1906 gel
508 1835 524 1880 a
536 1817 635 1880 limine
648 1815 836 1890 salutaverit,
845 1815 1073 1902 nemo'ignutat.

326 1909 384 1976 lx.
401 1910 481 1976 Cum
501 1910 680 1976 iudiciorum
700 1912 763 1977 rint
785 1910 993 1993 rationemque
1011 1905 1102 1972 lneffe
1123 1907 1253 1973 dicimus

277 2003 308 2066 in
324 2003 519 2068 relationibus
536 2005 751 2087 intelligendis,
772 2023 849 2088 quae
865 2003 941 2066 inter
957 2023 995 2063 res
1013 2019 1081 2079 ens,
1104 2021 1181 2084 quas
1195 2023 1255 2068 oo-

277 2098 399 2182 gitando
415 2099 615 2176 distinximus,
635 2101 820 2164 intercedere
837 2097 1014 2174 videantut;
1032 2098 1091 2162 inm
1112 2096 1252 2164 latiffimn

275 2191 362 2258 iettlu
379 2191 452 2257 illud
470 2217 553 2258 rerun
573 2215 686 2260 nomen
707 2195 751 2261 eii
773 2193 1000 2276 accipiendum,
1019 2211 1079 2276 pro
1096 2192 1250 2274 quibusli-

277 2287 350 2364 bet,
367 2307 446 2370 quue
463 2289 617 2364 dicuntur,
634 2291 850 2373 cogitationum
867 2287 1067 2352 notionumve
1079 2285 1249 2350 nullarum

278 2380 392 2442 nlirilb.
415 2379 554 2445 Dicimus
569 2401 667 2446 nutent
686 2385 819 2446 Oiicdun
834 2382 969 2452 notionis,
986 2379 1017 2442 id
1035 2379 1149 2461 ipsum,
1164 2379 1249 2463 quod

277 2472 413 2558 intelligit
425 2474 550 2558 quisque
567 2475 598 2540 dt
613 2477 704 2554 dicit,
717 2495 813 2560 quum
824 2475 903 2538 inter
914 2475 946 2536 id
955 2478 986 2536 de
998 2497 1048 2558 quo
1059 2475 1114 2536 iant
1126 2475 1249 2558 cogitm,

278 2567 466 2650 pulcrumque
473 2569 531 2650 fir,
549 2567 582 2632 dr
602 2566 692 2648 ipsam
708 2568 783 2632 banc
796 2566 976 2653 praesentem
995 2565 1099 2630 utentis
1114 2565 1249 2632 funblio·

208 2695 215 2716 .
276 2677 367 2734 nem,
386 2662 508 2745 quaein
523 2659 576 2724 illo
589 2658 803 2724 considerando
815 2657 965 2737 volatur,
980 2659 1145 2740 distinguit.
1166 2659 1248 2742 Quo

275 2752 425 2836 pertinet,
439 2754 582 2842 quidquid
594 2756 646 2820 vel
659 2755 694 2819 ad
711 2753 850 2838 corporis
863 2753 989 2836 aliquem
1004 2751 1139 2832 sensum,
1153 2771 1246 2838 quem

274 2862 433 2912 externum
450 2865 581 2926 vocant,
599 2847 743 2926 telettum
760 2849 810 2914 uel
825 2849 948 2914 interno
963 2845 1139 2929 relictoque
1154 2847 1246 2911 animi

275 2939 371 3008 leusui
388 2941 551 3008 subicilum
569 2941 753 3026 intelligitur:
769 2939 832 3005 five
847 2941 920 3006 illud
936 2942 994 3004 iam
1009 2959 1091 3006 nunc
1104 2939 1248 3024 praesenti

275 3035 360 3102 seusu
381 3041 580 3126 percipiatut3
605 3040 688 3120 stre,
708 3041 851 3107 memorii
871 3039 1056 3124 tepobtum,
1076 3039 1247 3122 phantnliae

274 3153 354 3218 ope,
370 3136 419 3199 vel
431 3154 547 3213 totum,
573 3137 624 3200 vel
639 3155 676 3199 ex
689 3155 771 3222 parte
783 3136 927 3221 quadam,
942 3135 1034 3198 menti
1047 3133 1249 3215 repraesente-

277 3244 349 3303 tut;
364 3227 429 3292 stve
439 3232 526 3294 etiam
541 3249 596 3314 per
607 3249 692 3306 eam,
705 3248 766 3312 qua
778 3229 820 3292 eil
830 3227 1076 3306 mensltominum
1088 3225 1248 3304 inlltudin,

276 3319 447 3386 facultatem
461 3323 544 3387 uarie
559 3340 652 3404 atque
674 3323 760 3384 vnrie
774 3318 914 3384 ressettlu
927 3311 1078 3384 hincinde
1091 3339 1245 3406 perceptas

275 3413 459 3498 cogitatione
472 3415 690 3497 componendi,
703 3414 869 3490 deridendi,
890 3413 1125 3496 transponendi,
1137 3411 1246 3497 nmpb‘-

199 3567 204 3588 ,
277 3507 402 3587 flandi,
421 3509 590 3587 minuendi,
609 3508 643 3572 fit
658 3531 676 3574 n
692 3511 780 3576 nobis
797 3509 887 3594 lpus,
905 3509 956 3572 vel
973 3509 1012 3572 ab
1026 3508 1093 3573 aliis
1106 3507 1247 3572 effiuun.

264 3603 356 3670 ‘Nam
371 3605 403 3670 u
420 3606 480 3673 buc
492 3603 621 3690 lpelinnt
637 3625 697 3670 non
719 3605 813 3671 solum
826 3623 904 3691 quae
916 3623 964 3670 tes
975 3605 1012 3669 ad
1022 3603 1247 3670 substantiarum

275 3695 391 3764 cladem
402 3697 579 3766 referuntur
591 3721 610 3764 n
622 3699 824 3786 philosophis,
841 3720 946 3765 verum
960 3703 1067 3777 edam,
1085 3701 1135 3766 rel
1152 3701 1248 3768 maxi·

272 3807 346 3864 me,
363 3791 508 3873 quidquid
524 3792 746 3872 decidentium,
763 3811 841 3879 quae
856 3793 1013 3870 dicuntur,
1031 3813 1141 3876 genere
1155 3792 1248 3860 conti·

275 3895 381 3956 netttrc
395 3879 621 3952 veltuaiiionee
634 3903 857 3973 quaecuuque,
873 3883 938 3950 bue
951 3883 1247 3972 immanentes‚quae
