2662 4742
296 421 341 502 ,aa
405 415 737 486 straminum
762 379 1169 484 anuosonncnnun

300 577 460 645 retrorsum
478 574 560 661 quafi
579 576 611 640 n
626 571 813 660 apofleriori
824 585 879 651 ,ut
897 573 980 636 aiunt
994 616 1005 648 ,
1018 572 1055 634 ad
1068 590 1201 638 mentem
1215 593 1270 637 no·

301 673 389 736 sitam
406 668 566 734 deseratur.
595 667 692 744 Nam,
712 685 768 730 nee
786 665 865 729 vites
886 666 1005 750 quidem
1024 665 1154 749 agendi,
1179 668 1268 730 nobis

298 781 435 836 enatura
450 761 672 844 tributae,qoiti
683 757 823 824 valeant?
836 759 947 842 qiudve
965 757 1019 836 sn,
1036 776 1089 823 aut
1101 777 1269 844 quantum,

299 861 381 945 quod
395 857 448 942 ipsi
463 879 514 942 per
534 875 591 922 nos
608 855 707 919 moliri
724 854 901 940 effioereque
918 849 1081 935 possimus?
1100 853 1198 918 idalia
1214 857 1266 918 via

301 955 478 1036 rationeque
509 966 697 1033 conpertum
719 947 841 1012 babae.
855 944 1007 1042 possumus
1054 947 1110 1011 nisi
1136 967 1175 1012 ex
1201 949 1267 1030 ipso

299 1047 374 1125 usu,
390 1047 422 1110 u
432 1043 644 1110 observatione
651 1059 774 1117 eorum,
792 1057 869 1123 quae
880 1037 977 1103 adhue
1036 1039 1141 1106 tvela
1156 1041 1266 1118 nobis,

298 1139 351 1220 vel
365 1157 386 1201 a
404 1135 495 1200 nostri
508 1133 668 1210 sutilibus,
686 1129 802 1197 essessa.

274 1243 278 1252 '
339 1229 394 1296 lis.
414 1229 524 1312 Neque
535 1246 610 1294 vero
622 1225 739 1290 iliorum
756 1225 938 1310 quidquam,
953 1245 1031 1310 quae
1045 1241 1109 1311 nort¹
1122 1223 1197 1309 ipis
1207 1245 1266 1290 no·

298 1325 345 1390 nis
360 1322 479 1406 proprii
496 1321 676 1404 experientia
702 1317 883 1403 cognoscere
901 1311 1004 1397 licuit,
1022 1320 1111 1406 quale
1129 1319 1185 1395 sit,
1208 1336 1263 1383 aut

297 1416 388 1500 quase
406 1415 541 1478 futurum
552 1412 607 1476 sui
624 1427 797 1500 perceptum
816 1413 902 1477 nobie
917 1411 975 1477 esse
994 1411 1109 1497 potem
1123 1411 1180 1474 nisi
1190 1431 1264 1495 qua-

298 1525 387 1574 tenus
398 1527 450 1572 aur
465 1528 502 1572 et
515 1507 678 1572 collatione
697 1525 820 1583 eorum,
843 1525 920 1590 quae
939 1507 1036 1572 adhuc
1054 1505 1142 1570 nobie
1159 1505 1264 1568 obser·

244 1616 247 1631 ·
294 1587 368 1668 uara
384 1601 465 1676 sunt,
479 1600 604 1664 adhibita
622 1600 808 1684 persuasione
822 1599 949 1664 decerta
962 1602 1086 1683 quadam
1100 1601 1133 1666 or
1143 1617 1261 1684 aequa·

295 1694 350 1760 biii
366 1709 490 1758 naturae
502 1709 601 1754 retum
614 1690 798 1769 conflantia,
811 1693 965 1754 notionem
980 1692 1109 1772 aliquam
1127 1694 1261 1775 qualem·

294 1805 424 1870 eumque
444 1801 544 1850 terunt
564 1784 683 1859 harum,
705 1803 780 1866 quar
793 1785 925 1850 nondum
939 1783 995 1867 ipsi
1012 1785 1259 1861 observavimus,

295 1879 474 1956 insorntare,
486 1877 747 1959 eonieiiuranque
767 1878 806 1941 de
826 1879 859 1942 iis
874 1879 1029 1962 quamdam
1042 1897 1150 1962 capere
1168 1881 1259 1957 iicet3

296 1991 348 2036 aut
369 1991 517 2058 quatenus
531 1971 572 2034 ab
591 1969 655 2048 Eo,
675 1990 692 2034 a
714 1969 798 2034 cuius
822 1971 854 2034 vi
876 1989 1012 2053 nutuque
1033 1972 1162 2054 pendent
1182 1993 1260 2057 quae

293 2063 380 2142 sunt,
398 2085 475 2147 quae
498 2064 595 2142 stila,
613 2082 690 2147 quae
707 2061 806 2127 sutura
825 2061 909 2139 sunt,
934 2061 1090 2128 confilium
1106 2063 1206 2150 Ipsius
1222 2069 1259 2130 de

294 2160 341 2222 itia
352 2159 460 2236 rebus,
483 2178 558 2243 quta
574 2159 629 2222 aiii
648 2159 698 2231 via
716 2177 778 2222 non
799 2159 886 2222 licuit
906 2160 1076 2244 percipere,
1093 2159 1188 2225 fuerit
1204 2182 1259 2244 pa-

294 2249 442 2318 tesaeiutn.
462 2251 559 2316 Cuius
575 2251 694 2334 quidem
712 2251 808 2314 divini
827 2251 957 2329 confisi,
974 2253 1100 2316 coelitus
1112 2273 1183 2317 rum
1198 2253 1258 2318 ho-

151 2427 153 2430 ·
294 2345 423 2410 minibus
439 2345 670 2419 communicari,
701 2346 749 2408 vir
769 2362 860 2428 atque
876 2343 1022 2409 sententia
1041 2348 1072 2410 in
1093 2347 1258 2434 intelligen-

294 2439 367 2504 tiant
385 2438 514 2503 hominis
527 2437 637 2500 intrare
648 2456 851 2520 nequaquan,
865 2433 918 2500 oifi
931 2455 968 2500 ex
982 2457 1016 2500 ea
1030 2449 1129 2520 parte,
1139 2442 1256 2524 potest,
1281 2455 1287 2464 ·

292 2551 354 2616 qua
372 2549 483 2596 autres
498 2528 589 2613 ipsae,
606 2531 768 2614 dequibus
789 2530 904 2613 agitur,
920 2549 1072 2614 tamquam
1088 2534 1256 2615 praesentes

292 2623 422 2690 senfibua
439 2624 549 2690 suerint
561 2625 713 2704 obiestae3
730 2643 782 2689 aur
796 2645 857 2708 qua
874 2643 1081 2710 comparantur
1095 2627 1254 2692 affimilan-

293 2735 405 2802 rurque
425 2739 472 2784 rer
489 2720 576 2783 nobis
590 2720 805 2804 patefaciendae
820 2739 889 2784 cunr
905 2722 971 2798 sais,
988 2741 1063 2804 quaa
1072 2725 1253 2807 experientia

291 2814 452 2900 praeteriti
470 2815 603 2897 cognitae
618 2816 679 2878 iarn
691 2833 910 2901 perceptasque
927 2815 1078 2881 habentur.

331 2904 388 2970 lv.
411 2907 562 2970 Notionun
580 2907 698 2972 illarum
724 2911 854 2972 srunanat
875 2910 953 2970 nenti
975 2909 1155 2986 matun,
1175 2929 1253 2996 quae

289 2995 557 3076 santamente,
576 2999 667 3064 Libro
682 3003 779 3086 primo
798 3003 836 3064 de
857 3001 1011 3066 intelsestu
1030 3003 1185 3084 humano,
1202 3023 1253 3068 ex·

289 3089 407 3174 piosae,
427 3092 615 3158 Canterius
631 3095 829 3178 potifftmum,
849 3093 994 3178 superiori
1012 3095 1129 3175 seruo,
1150 3117 1255 3184 parro-

288 3203 347 3249 nus
361 3185 499 3252 exstitisse
517 3188 550 3254 &
566 3188 670 3255 auiior
681 3190 773 3274 vulgo
787 3190 967 3272 perhibetur.
986 3191 1082 3274 Quod
1096 3212 1188 3276 quant
1198 3193 1253 3255 de·

287 3273 340 3336 biii
353 3274 664 3356 fundamento,irnnto
673 3293 763 3364 quant
775 3281 879 3358 nulio,
894 3281 915 3344 fi
931 3285 1081 3365 quidemn
1096 3305 1180 3350 nacto
1191 3305 1252 3348 no·

190 3363 191 3368 ’
287 3368 385 3446 tuine,
402 3389 465 3453 quo
482 3369 600 3436 ususen
612 3373 822 3452 cantaretur,
836 3375 1012 3456 duceffetu,
1028 3380 1159 3458 dianna
1178 3401 1251 3446 curn

285 3457 366 3526 haud
378 3460 533 3526 obscurum
553 3459 611 3528 effe
627 3465 823 3542 nectareis,
842 3469 895 3548 qui
916 3467 1006 3536 huiur
1016 3469 1119 3557 scripta
1132 3493 1202 3539 cun
1212 3475 1253 3538 ii·

284 3551 345 3622 lius
356 3575 449 3640 opere
467 3557 622 3641 diiigenter
634 3558 703 3624 satis
717 3559 924 3642 conntlisient3
940 3581 1003 3629 tum
1023 3567 1170 3648 praeclare
1184 3587 1250 3632 non

236 3701 241 3710 .
285 3645 328 3710 ita
336 3651 445 3732 pridem
455 3652 597 3738 peculiari
615 3653 1212 3736 diurnationemonuiacrrnuoaos:
1235 3682 1248 3717 ι

211 3745 215 3762 ”
319 3785 332 3824 t
351 3773 381 3826 n
395 3771 474 3906 aava?
487 3777 702 3832 anteana-tn
716 3775 805 3854 tregru
816 3775 993 3858 raanan,
1010 3783 1078 3841 emt
1095 3795 1253 3842 uncnxx.

349 3867 437 3919 ΜΠ
460 3873 503 3928 ts·
