2664 4732
290 519 292 523 Ι
387 419 743 498 uocauit&
981 443 1037 518 ιη

74 599 243 690 guirionetn
257 589 482 683 eminentium,
500 611 625 677 quarum
638 589 742 673 utique
754 605 815 654 uon
830 599 893 653 erar
905 588 1001 664 rudis,
1022 605 1059 667 ς]

74 711 247 761 contemtor
264 692 391 755 omnino
411 686 502 751 fuerit
518 682 674 758 §oetatem
699 682 944 764 quemadmodum
965 675 1040 746 salso

74 790 215 855 nonnulii
226 787 278 851 fibi
288 781 503 870 persuaserunt.
527 778 608 845 Illud
619 794 710 842 unum
723 777 848 860 prudens
865 777 964 842 voluit
975 779 1038 860 piti-

76 885 235 968 insopitus,
251 900 284 948 ut
300 899 364 946 non
384 881 416 943 itt
437 895 530 966 vanas
547 873 718 956 sterilesque
737 873 769 936 dt
783 871 838 935 usu
853 871 941 936 cassas
959 871 1039 940 iuda-

75 982 212 1066 gatiouet
228 979 262 1043 dt
275 973 446 1041 subtilitates
460 969 519 1034 sese
536 968 737 1052 implicarent3
756 964 822 1042 sed,
843 981 987 1050 quantum
1006 967 1037 1030 in

76 1089 197 1156 quaque
212 1089 313 1134 earum
329 1068 534 1141 scientiarum,
552 1079 693 1146 quaeper
707 1079 742 1122 ea
754 1075 887 1142 tempora
899 1075 918 1122 a
932 1059 1040 1144 Sopsti-

76 1166 130 1231 stis
144 1161 345 1237 iadabantur,
366 1155 485 1234 inesset,
508 1155 584 1225 unde
600 1155 631 1217 in
649 1150 803 1216 hominum
821 1152 912 1214 vitam
926 1154 1040 1218 emolu·

77 1262 172 1326 menti
186 1258 296 1342 aliqud
319 1253 445 1320 derivari
461 1249 571 1338 posset,
590 1259 705 1312 tanturn
723 1264 762 1308 ex
779 1263 898 1328 quaque
917 1245 1038 1328 seligere

78 1352 303 1436 addiscereque,
320 1349 421 1433 prouti
432 1365 480 1412 ter
494 1345 600 1420 secret,
615 1339 848 1406 conniterentur.
870 1337 976 1424 Neque
990 1361 1040 1406 ve-

77 1467 114 1515 ro
132 1450 208 1514 baec
224 1446 384 1531 generatim
400 1441 495 1506 soluat
515 1453 606 1523 arque
628 1435 791 1500 summatim
812 1434 853 1500 ita
870 1436 1041 1518 praecipere

79 1545 138 1610 suit
154 1541 370 1616 consueverat;
391 1555 496 1602 verum
524 1535 609 1618 saepe
634 1530 821 1611 multumque
840 1529 873 1591 dt
890 1526 993 1592 sedulo
1011 1530 1041 1594 id

79 1642 150 1724 egit,
164 1655 199 1703 ut
212 1655 268 1723 pet
285 1634 398 1720 unguii
413 1630 596 1698 scientiarum
613 1645 739 1712 genera,
762 1624 828 1708 quis
847 1621 919 1688 esset
937 1623 1040 1688 cuius·

79 1739 128 1800 vir
146 1735 214 1799 finis
231 1751 320 1817 atque
335 1731 459 1804 modus,
480 1727 546 1811 quis
566 1723 638 1789 usus
657 1723 692 1786 ad
710 1722 800 1784 vitam
818 1719 880 1782 sive
898 1719 1041 1784 domesii·

80 1849 143 1894 cant
164 1829 228 1892 sive
247 1827 368 1892 civilem
391 1825 501 1889 tessine
519 1820 745 1894 instituendam,
770 1835 916 1900 quaenam
933 1832 1039 1880 contra

80 1921 264 2006 quaestiones
284 1920 325 1983 ira
347 1917 460 1983 abusu
483 1917 563 1980 virae
587 1929 718 1976 remotae
740 1909 848 1988 essent,
871 1910 922 1973 vei
941 1909 1039 1992 perse

79 2015 204 2090 inanes,
229 2013 343 2076 utorio
362 2012 445 2074 abuti
462 2007 596 2073 censendi
614 2006 669 2069 srnt
690 2005 740 2089 qui
757 2006 803 2068 his
823 2004 960 2070 iadiandie
980 2022 1039 2068 tra·

79 2108 249 2190 dandisque
263 2124 380 2188 tempus
393 2119 507 2180 retanr,
524 2104 644 2166 doceret
662 2099 747 2176 suos,
767 2098 798 2163 dr
815 2101 851 2162 ad
866 2098 972 2164 iustum
991 2119 1039 2164 rr·

79 2222 146 2265 rum
160 2197 300 2264 selesium
316 2197 481 2262 iaciendum
502 2215 556 2258 eoa
570 2194 780 2258 exercitarent
808 2191 945 2274 Quarum
962 2211 1042 2257 vere

79 2314 177 2357 rerunt
191 2291 253 2378 ipse
270 2292 367 2354 minus
384 2305 447 2353 erar
466 2287 599 2372 peritus,
616 2306 690 2368 quas
705 2295 801 2349 tamen
814 2283 897 2354 usum
909 2285 1038 2366 aliquem

80 2384 222 2468 conferre
236 2383 315 2446 ritae
326 2383 477 2446 hominum
493 2378 621 2456 censuit,
636 2381 673 2442 ad
692 2378 745 2444 has
760 2377 956 2464 perdiscendas
967 2377 1040 2440 ani·

78 2493 133 2540 cos
145 2473 450 2556 suosiiiiemagisirir,
462 2473 573 2556 quicar
586 2472 679 2556 probe
690 2471 1005 2550 callerent‚tradebar;
1022 2483 1036 2534 5
1072 2489 1077 2494 ·

78 2567 166 2630 secus
178 2567 315 2630 nimirum
327 2556 418 2648 arque
435 2566 473 2629 iiii
489 2561 553 2628 falfi
572 2566 700 2630 nominis
715 2563 899 2647 phiiosophi,
917 2563 968 2646 qui
984 2561 1039 2624 suo

78 2663 177 2744 magis
194 2659 324 2744 quaesiui
341 2659 373 2722 dr
392 2679 486 2724 vanae
505 2659 638 2742 gloriae,
654 2677 745 2742 quam
764 2657 968 2741 discipulorum
984 2656 1041 2721 uti·
1106 2713 1109 2732 ,
1173 2725 1178 2735 ¹

79 2753 159 2819 litati
172 2753 350 2830 servientes,
371 2755 472 2817 omnia
485 2752 515 2817 se
532 2751 604 2818 scite
623 2751 852 2837 profitebantur.

151 2916 175 2995 §.
190 2913 232 2980 V.
253 2915 330 2980 Hinc
346 2933 470 2999 perpetu
486 2915 655 2975 humanarum
670 2931 753 2972 rtrum
774 2891 971 2974 romula&

123 3021 203 3088 Cum
223 3023 324 3106 itaque
348 3036 476 3082 canuae
499 3031 605 3080 omnes
625 3013 759 3077 scientiae
780 3023 918 3090 artesque
938 3021 992 3088 per
1011 3001 1043 3068 se

82 3135 146 3183 non
163 3125 278 3182 rantum
296 3113 399 3176 valere
420 3111 557 3175 socrum
576 3106 768 3191 perspiceret,
786 3118 820 3165 ut
833 3099 975 3164 advitam
989 3095 1043 3157 ho·

81 3215 198 3276 minum
217 3207 368 3272 meliorem
389 3205 611 3284 beatioremque
628 3197 805 3264 reddendam
823 3191 891 3258 sarie
910 3189 1044 3272 suppcdi·
1121 3205 1124 3212 ’

81 3319 147 3368 tare
158 3301 286 3385 praesidii
301 3293 429 3384 poss'enn
448 3297 484 3360 ad
499 3297 575 3358 itanc
592 3291 767 3375 potiffimurn
783 3284 963 3358 doarinant,
983 3297 1043 3364 qua

82 3400 183 3461 omnis
197 3377 416 3466 ratiotionem,
435 3387 660 3460 &officiorum
680 3381 831 3462 totiusque
842 3365 1044 3439 vitaehuma-

83 3509 142 3554 nae
166 3485 332 3558 institutio,
358 3483 497 3561 adeoque
522 3477 678 3542 bominum
705 3469 846 3555 persediio
865 3469 899 3532 dr
919 3465 1045 3530 seiicitat

81 3569 607 3660 continetur‚siudiumomnesuum
623 3568 757 3636 contulit.
776 3566 874 3640 iiiuc,
887 3559 1041 3645 proprium
1102 3630 1105 3636 ¹
1228 3605 1230 3618 .

115 3749 131 3802 3
149 3726 227 3785 ΜΜ.
239 3723 307 3780 SM!-
317 3723 405 3793 weh
418 3737 445 3792 50

116 3829 135 3876 4
152 3809 201 3863 Ν.
211 3825 238 3880 7.
252 3799 327 3862 torna*
532 3797 535 3804 ’

120 3904 133 3954 5
152 3885 214 3943 lua.
230 3901 258 3942 n.
278 3899 302 3938 r·
