2664 4732
303 394 360 480 ¹7⁶
668 387 892 460 MORES

602 571 631 642 C
651 579 679 642 Α
699 577 722 643 Ρ
743 579 773 642 U
793 571 824 643 Τ
862 575 939 640 111.

354 688 408 761 Dr
430 687 576 759 Socratis
602 687 704 758 animi
717 681 918 785 fortitudine
944 683 1196 783 &casstatim

206 849 211 862 ⁸
318 859 432 943 §vll
449 858 568 924 Socratis
586 857 669 920 anei
683 856 814 1016 pbrdlqudn
838 855 891 916 1³⁰
912 877 946 919 cat
966 857 1087 921 molsciei
1104 860 1242 944 despt'm

695 960 739 1019 dec
769 976 851 1018 ratum

337 1059 430 1146 Quae
446 1061 477 1124 itt
495 1059 647 1146 perpetuis
662 1060 741 1124 vitae
757 1061 846 1124 liuius
855 1079 987 1130 terrenae
1011 1061 1266 1131 viciffitudinibua

298 1173 438 1239 magnum
456 1153 554 1218 virum
571 1151 699 1216 absolvit
717 1153 818 1216 Animi
839 1153 997 1218 Fortitudo
1012 1155 1045 1218 dr
1062 1155 1264 1234 Conslantia,

298 1249 373 1314 ltacc
388 1250 418 1312 in
436 1249 603 1314 cbarallete
622 1247 753 1312 Socratis
768 1267 911 1332 quantum
930 1247 1068 1324 eluceat,
1090 1252 1264 1330 neminem,

298 1340 352 1426 qui
373 1343 450 1406 vitae
470 1344 533 1405 eius
551 1341 682 1404 inllituta
700 1343 863 1426 coguovit,
885 1339 991 1424 sugere
1013 1343 1121 1424 potelb
1150 1345 1186 1410 Er
1205 1346 1265 1426 pti-

299 1455 352 1498 mo
368 1435 486 1519 quidem
505 1435 577 1498 loco
592 1433 753 1497 vehemens
773 1433 908 1496 mollitiei
922 1431 1067 1496 sallidium
1077 1481 1088 1512 ,
1100 1435 1186 1518 quod
1197 1455 1263 1498 om·

299 1530 387 1592 nibus
399 1531 431 1592 in
443 1529 531 1592 rebus
552 1529 719 1592 constanter
733 1529 764 1592 in
782 1546 822 1592 eo
839 1527 991 1610 adparuit,
1009 1543 1019 1579 ι
1041 1547 1182 1611 magnum
1202 1549 1265 1595 no·

298 1621 343 1685 bis
361 1619 447 1684 sortis
458 1623 521 1685 eius
537 1621 626 1685 animi
637 1639 844 1704 argumentum
854 1619 1041 1706 suppeditare
1053 1621 1153 1686 deber.
1167 1623 1265 1688 Athe·

299 1737 354 1782 nas
368 1736 516 1802 tamquam
528 1715 669 1799 pellilenti
687 1716 781 1782 fidere
794 1717 843 1782 bic
853 1717 977 1782 morbus
992 1716 1175 1798 adflaveratt
1189 1741 1264 1786 om·

219 1799 223 1809 ’
298 1813 380 1877 nium
407 1812 539 1900 vires&
564 1813 700 1898 corporis
725 1811 757 1875 dt
782 1812 876 1874 animi
900 1807 1009 1874 basiae
1032 1809 1263 1896 debilitatasque

298 1927 397 1988 erant;
419 1909 609 1994 cupiditatum
629 1907 783 1992 imperium
802 1908 931 1990 vigebat.
953 1907 1105 1984 Socrates,
1123 1911 1180 1994 qui
1194 1913 1263 1974 ani-

300 2008 343 2068 mi
360 2005 505 2090 imperio‚
523 2003 659 2086 corporis
682 2003 801 2067 servitio
821 2002 864 2066 uri
879 2001 1091 2080 consueverat,
1112 2005 1171 2071 hac
1188 2025 1264 2070 con·

298 2099 420 2182 ragione
435 2115 498 2161 non
514 2115 577 2160 erat
591 2095 735 2176 insedus3
754 2093 801 2158 sed
819 2093 976 2178 perniciem
995 2094 1102 2158 exinde
1116 2097 1263 2161 orituram

297 2189 494 2275 praesagiens,
522 2187 641 2253 summis
667 2188 759 2250 animi
780 2185 892 2250 vitibus
911 2183 1048 2268 palranti
1075 2186 1153 2252 inter
1179 2191 1263 2252 cives

297 2283 380 2346 malo
396 2301 575 2359 occurrere,
592 2281 702 2364 suaque
719 2281 750 2342 in
763 2280 877 2364 origine
889 2280 1008 2344 herbam
1028 2278 1111 2362 quast
1130 2300 1264 2346 venena·

298 2393 360 2441 tam
375 2375 518 2442 suffocare
536 2375 654 2439 studuit.
676 2375 742 2460 Qui
756 2393 857 2439 autem
870 2373 935 2438 steti
951 2373 1064 2460 potest,
1076 2391 1116 2440 ut
1130 2377 1195 2453 vir,
1208 2379 1263 2460 qui

298 2471 491 2536 humanitatis
510 2469 621 2536 sensum
643 2471 748 2546 habet,
764 2490 799 2536 ac
820 2469 965 2552 ingenuae
984 2471 1127 2536 libertatis
1143 2471 1262 2536 summo

298 2583 403 2628 amore
421 2561 558 2642 ducitur,
575 2563 630 2627 sub
646 2563 802 2626 libidinum
820 2565 923 2648 iugum
940 2564 1088 2628 cervicem
1099 2563 1183 2628 suam
1195 2565 1262 2630 sub-

297 2651 419 2722 mittat?
432 2659 514 2723 Num
528 2660 570 2737 is,
598 2659 649 2744 qui
665 2659 707 2724 ob
723 2657 866 2726 libertatis
887 2655 1141 2724 conservationem
1163 2677 1261 2746 pecu·

238 2783 242 2789 ·
296 2751 412 2816 uiarum
432 2752 583 2826 illecebras
599 2751 784 2838 aspernatur,
806 2753 974 2818 libertatem
992 2751 1125 2830 abiciet,
1147 2773 1181 2818 ut
1201 2775 1262 2818 vo-

297 2845 446 2930 luptatum
461 2847 610 2914 blanditiis
620 2847 750 2914 serviarl
769 2849 915 2914 Mollities
933 2847 1098 2931 veroquid
1118 2849 1199 2913 aliud
1211 2849 1263 2913 sbi

297 2939 482 3024 proposttum
506 2939 613 3014 babet,
636 2939 690 3002 nist
716 2940 795 3004 vitae
819 2939 1046 3004 commoditates
1068 2938 1101 3002 dc
1123 2941 1262 3012 desides,

298 3033 408 3118 quibus
424 3032 562 3116 corporis
575 3033 781 3116 voluptatibus
801 3032 985 3111 consulitur,
1004 3033 1173 3100 mimorum
1190 3025 1261 3100 dm-

297 3129 345 3190 nis
362 3127 409 3189 vis
426 3127 608 3192 ertetvatutl
630 3127 763 3192 Libertas
771 3128 859 3212 igitur
874 3130 999 3192 bominis
1009 3147 1073 3193 vox
1085 3129 1197 3208 inuris,
1211 3129 1261 3192 ubi

297 3221 491 3302 cupiditatum
515 3219 727 3304 libidinumque
750 3240 872 3303 regnum
893 3221 1019 3286 obtinet.
1049 3221 1205 3298 Socrates,
1224 3223 1260 3284 de

298 3311 343 3372 tei
362 3311 589 3394 turpitudine&
607 3313 752 3376 dedecore
771 3311 943 3398 persuasus,
961 3314 1004 3377 sta
1023 3313 1145 3378 sollicite
1163 3332 1261 3379 caute·

298 3419 360 3484 que
377 3421 501 3478 omncs,
527 3405 636 3485 quibus
651 3406 787 3488 corporis
806 3407 899 3469 robur
915 3404 1062 3490 confringi
1082 3407 1176 3486 solet,
1195 3409 1260 3472 sco-

297 3491 385 3574 pulos
399 3491 527 3578 effugit,
543 3493 650 3560 ut'nort
664 3496 717 3562 suo
729 3513 842 3562 tautum
859 3517 960 3576 aevo,
979 3498 1027 3562 sed
1047 3501 1191 3566 universo
1208 3501 1260 3566 bu-

301 3605 393 3652 mano
410 3590 513 3674 generi
531 3601 680 3672 tamquam
703 3592 852 3674 exemplar
867 3593 1016 3677 quoddam
1034 3597 1162 3678 proponi
1180 3591 1260 3680 posse

332 3755 344 3792 ι
364 3737 518 3889 Magoa·
541 3743 562 3798 l.
583 3760 613 3810 ι,
634 3760 646 3798 t
666 3773 679 3788 ·
689 3761 716 3816 3.
747 3745 782 3802 cs.
799 3743 906 3816 Sympofi
922 3745 1035 3816 Xenopl.
1048 3763 1082 3806 bx
1100 3749 1142 3808 ed·
1154 3751 1258 3808 hunsl.

362 3833 420 3888 pag.
468 3837 492 3874 t·
