2664 4732
264 397 332 464 DE
362 397 550 468 tuum
577 403 828 469 HUMANA.
866 477 869 482 ,
972 423 1027 488 t9t

59 577 114 624 ete
129 555 227 620 etiam
249 551 338 628 noti,
363 527 450 636 saepe
466 551 613 636 quidpiam
635 555 730 637 prima
751 553 844 636 specle
863 553 1035 620 iucundum

60 649 228 722 admodum
244 665 298 712 aut
321 646 513 712 iniucundum
532 648 603 710 mibi
617 647 713 710 visum
729 647 806 724 elle.
830 649 914 732 quod
932 648 1027 732 ipsum
1083 635 1091 658 ⁸

60 744 193 818 deiude,
210 734 249 804 ‘re
261 741 388 824 penitius
404 737 539 824 cogniti,
556 740 646 824 longe
665 740 748 804 secus
762 739 792 804 le
808 743 913 806 babere
926 745 1029 824 depre·
1155 731 1157 744 '

61 835 188 900 beosum
200 835 254 898 efl.
282 833 379 916 Quod
398 831 650 918 digituroperam
668 833 793 913 dederb,
812 855 917 919 meque
928 833 1029 924 adsue·

61 930 182 1006 seuero,
197 945 254 1004 ut,
270 927 388 1012 quoties
406 930 439 992 ln
452 943 501 990 me
511 926 595 992 uisus
609 927 716 1012 aliquis
728 927 760 990 dt
775 931 903 1014 impetur
915 930 1028 1004 oritur,

62 1023 122 1088 boc
139 1019 238 1105 ipsum
255 1022 339 1105 quod
353 1019 446 1084 modo
463 1019 595 1084 dicebam
612 1019 741 1104 cogitem
759 1039 851 1105 atque
868 1021 1027 1098 recordere

61 1114 91 1178 e'tt
114 1135 175 1178 nee
201 1114 314 1198 semper
334 1113 391 1176 erit
407 1116 558 1195 puellm,
579 1129 629 1188 ut,
655 1112 827 1196 priusquam
856 1114 1047 1198 adpetitione

62 1209 289 1290 aversationive
303 1207 487 1291 indulgeam,
506 1204 641 1289 nisuique
655 1207 696 1270 illi
712 1207 933 1290 obtemperem,
951 1229 1029 1292 pau.

62 1303 158 1390 liaper
180 1327 220 1368 me
239 1301 386 1377 inhiberet³
406 1323 548 1386 moeumqut
566 1303 716 1382 confiderem
735 1317 826 1384 atque
851 1295 1030 1382 deliberem,

65 1415 168 1462 utrum
187 1399 249 1462 boc
270 1411 425 1480 tempore,
443 1395 502 1460 hoe
518 1415 618 1460 terum
637 1395 731 1472 statu,
749 1396 907 1480 prudenter
920 1397 972 1460 stm
984 1397 1031 1462 fa·

62 1491 190 1569 dlurut⁹
208 1490 232 1554 fi
247 1491 316 1554 buit
327 1491 492 1574 indulgeam
505 1489 676 1574 adpetitioui
694 1505 745 1556 aut
763 1489 957 1570 aversationi,
981 1511 1030 1558 at-

64 1604 123 1667 que
146 1585 179 1648 id
197 1579 341 1666 exsequar
356 1601 419 1666 quo
439 1602 486 1646 me
504 1581 553 1646 illa
574 1583 714 1668 impellit;
733 1602 771 1648 an
792 1581 929 1661 lonella,
950 1587 1029 1652 banc
1070 1630 1072 1647 .

64 1692 180 1758 partem
197 1673 223 1738 st
243 1674 387 1738 continuo
404 1693 459 1739 eto
478 1672 614 1752 secutus,
634 1675 730 1740 multo
748 1675 855 1740 melius
875 1677 1028 1760 quidpiam

65 1787 154 1854 atque
169 1769 293 1854 gravius
310 1765 362 1832 lim
377 1767 583 1850 apletium,
602 1769 756 1851 multaque
770 1769 841 1831 mihi
857 1771 1029 1836 incommo-

66 1862 335 1926 daeouttadlurut.
362 1860 466 1944 Aeque
485 1862 526 1924 ita
539 1883 617 1943 ptum
635 1883 674 1924 me
690 1863 762 1936 etit,
782 1879 817 1924 ut
835 1865 914 1926 libero
935 1865 1028 1928 mmsis

67 1958 177 2037 conjitio
202 1971 294 2038 atque
317 1955 456 2018 delibermd
478 1957 563 2018 antini
585 1953 719 2018 volmttort
745 1955 776 2017 id
813 1973 920 2039 agam,
945 1959 1030 2042 quod

66 2070 136 2134 prae
146 2049 274 2114 merit
290 2051 438 2132 optimum
456 2048 640 2114 indicavero.

106 2143 258 2214 Notabilis
276 2143 350 2206 baec
367 2143 477 2208 illador
492 2143 552 2220 est,
564 2163 653 2228 quam
670 2147 825 2210 menatem
838 2150 1026 2226 mimmius·

67 2237 391 2304 ruoum'lumamrm
412 2255 568 2302 vocamum
589 2241 636 2302 Ac
654 2239 772 2304 nonnili
789 2259 853 2304 eam
870 2241 963 2326 ipsam
982 2246 1025 2308 ob

68 2329 220 2404 munim,
236 2330 318 2412 quod
328 2329 384 2394 bac
394 2329 464 2394 dote
481 2329 610 2395 iullrudli
629 2330 748 2410 sumus,
761 2334 843 2415 quod
856 2331 949 2398 libera
963 2337 1026 2401 lto-

68 2425 157 2489 miuie
167 2422 378 2500 voluntaeell,
392 2421 578 2507 liberumque
591 2425 693 2507 agendi
704 2423 877 2500 eonsilium
894 2445 959 2490 noo
972 2427 1026 2492 nist

68 2521 146 2588 bane
158 2517 269 2608 ipsam,
281 2519 400 2604 iuquam
414 2564 424 2596 ‚
439 2519 481 2584 ob
497 2519 643 2596 caudium,
656 2520 791 2584 adliooer
804 2521 936 2600 nostrae,
953 2543 1026 2607 pro·

68 2618 110 2681 uti
128 2617 181 2682 uel
198 2617 307 2697 utimur
319 2615 455 2680 libertate
471 2615 586 2692 nollra.
604 2617 655 2680 vel
667 2617 835 2693 abutimur,
857 2618 899 2681 ita
911 2621 958 2680 vel
968 2621 1026 2680 lau·

68 2715 97 2773 de
113 2711 161 2774 etl
177 2711 365 2794 uituperatione
381 2710 484 2794 dignae
501 2706 617 2776 moleti-
633 2707 761 2793 poliunt.
789 2711 867 2776 Nihil
883 2711 1024 2797 profedlo

67 2803 117 2867 vel
130 2819 284 2886 tamquam
297 2805 412 2868 mmmm
426 2801 543 2883 uieum,
555 2803 607 2869 vel
618 2821 768 2889 tamquam
786 2810 884 2891 eulpa,
899 2808 1026 2890 imputari

68 2897 147 2962 mihi
160 2897 275 2982 potest,
293 2897 346 2960 nili
367 2917 513 2980 quatenus
531 2900 564 2962 in
579 2917 645 2962 mea
666 2899 765 2964 fuerat
783 2889 947 2982 potellat'e,
961 2899 1025 2964 five

52 2989 148 3056 ‘lunc
168 2993 270 3075 agendi
287 2993 431 3056 rationem
449 2991 550 3074 sequi,
573 3011 632 3074 qua
652 2993 722 3056 usus
737 2992 817 3068 lum,
843 2992 908 3055 live
929 2991 1026 3056 aliam.

67 3085 179 3169 Quum
189 3087 316 3152 hominia
331 3105 460 3152 mentem
475 3087 600 3150 dicimus
613 3083 671 3148 eflb
681 3090 947 3169 rott'omprardt'rom,
960 3103 1024 3150 tum

67 3179 126 3246 boc
138 3181 292 3246 vocabulo
305 3183 408 3254 Ratio,
424 3179 538 3262 praeter
545 3179 672 3264 reliquae
682 3178 839 3243 famultatee
846 3197 923 3264 quae
936 3183 971 3243 ad
982 3174 1026 3244 iu·

66 3277 257 3360 unigentium
275 3294 372 3338 terum
389 3273 475 3338 nobie
487 3273 572 3336 datae
588 3271 673 3346 sunt,
686 3271 772 3336 fimul
785 3273 860 3336 bauo
869 3272 958 3336 animi
968 3273 1026 3338 bu-

65 3369 148 3432 maui
164 3367 321 3430 murum
333 3365 585 3451 comprehendere
604 3362 740 3430 solemus

105 3461 173 3528 uuo
189 3460 335 3522 libertatis
349 3462 449 3535 dono,
468 3479 486 3522 a
501 3458 633 3542 benigno
646 3476 766 3522 natutae
779 3457 896 3524 nostrae
909 3459 1026 3524 Aneo-

67 3573 98 3618 re
117 3549 210 3616 nobie
226 3549 386 3624 concello,
411 3547 510 3613 sinon
533 3553 628 3615 utitur
649 3553 760 3630 bomo;
784 3549 806 3614 li
831 3553 1027 3636 adpetitiones

67 3659 208 3732 quaeque
217 3661 271 3706 aut
286 3641 499 3720 aversationes,
508 3641 582 3708 licut
593 3647 624 3707 in
638 3646 703 3728 ipso
715 3647 871 3723 oriuntur,
883 3647 1027 3712 continuo

68 3741 150 3806 nulld
168 3737 298 3803 instituti
317 3735 528 3800 deliberatione
547 3735 694 3821 sequitur,
714 3741 742 3802 dt
759 3739 870 3822 cuique
891 3739 1027 3822 impulsui

67 3837 205 3919 protinus
220 3851 338 3900 morem
353 3833 444 3920 gerim
462 3851 527 3900 tum
538 3850 617 3899 veto
635 3835 732 3899 veluti
750 3833 871 3898 brutum
891 3835 1025 3900 auimaoe
