2664 4732
221 397 426 467 Anutnntx
445 398 506 464 nt
524 397 666 466 nanta
685 399 886 468 nunant.
968 403 1028 488 n,
1071 449 1074 462 .

65 543 195 620 nidmu,
217 542 270 610 ind
286 545 390 610 natura
399 543 472 610 mihi
483 542 628 608 adferant.
648 545 707 614 Sed
722 547 783 631 ipsa
799 551 848 615 illa
864 554 1024 642 voluptas,

66 636 130 721 ipse
148 639 196 704 ilie
213 656 316 722 gratus
332 638 538 721 iucundusque
558 638 675 716 sensus,
696 643 793 724 prouti
808 663 848 708 en
864 648 923 714 alio
935 671 1027 738 atque

68 730 130 794 alio
141 749 242 800 retum
259 749 366 814 genere
382 729 525 806 nestum,
541 729 683 814 (perinde
700 751 793 817 atque
807 736 893 806 dolor
909 761 962 808 aut
977 749 1027 809 in.

68 845 173 911 gratus
191 827 310 905 sensus,
331 830 385 913 qui
401 847 440 894 ex
454 828 518 894 aliit
536 830 627 896 tebut
650 828 770 898 subinde
784 835 857 900 mihi
873 840 1028 920 adfertur)

67 941 131 987 non
143 920 239 988 solum
252 927 359 1008 pade,
373 939 464 1005 atque
477 923 627 999 duratione,
644 943 751 989 vetum
767 930 855 994 edam
874 949 929 996 uto
937 959 1027 1020 gena

68 1014 230 1096 plurimum
253 1013 362 1080 differt.
393 1015 491 1100 Quod
509 1017 627 1099 quidem
647 1018 826 1098 discrimen,
852 1028 990 1107 quamvis
1007 1049 1027 1094 a

68 1111 171 1175 multia
195 1109 368 1176 hominibus
390 1130 495 1194 patum
514 1109 747 1180 animadversum
773 1115 950 1203 minimeque
974 1141 1029 1186 α..

69 1204 194 1290 pensum
216 1206 351 1282 videam,
368 1221 466 1270 tamen
480 1207 513 1270 u
534 1206 654 1268 maximi
672 1205 714 1270 est
729 1212 887 1286 momenti,
904 1213 936 1278 dt
949 1215 1029 1281 lttud
1170 1223 1184 1244 “

66 1301 111 1364 ita
127 1297 236 1364 difficili
254 1297 376 1382 negotio
387 1297 505 1382 intelligi
529 1297 635 1382 potest.
669 1300 787 1385 Quodfi
803 1305 856 1386 (ut
869 1307 929 1370 hoe
942 1313 1030 1395 utar)

68 1393 267 1458 titillationem
284 1395 363 1458 iliam
375 1393 498 1477 angio,
518 1413 576 1476 qua
592 1393 691 1476 lingua
710 1413 778 1460 ntea
795 1397 827 1460 di
846 1399 976 1480 palatum
991 1421 1031 1467 ex

69 1489 201 1553 dedicato
215 1488 346 1572 quodam
359 1487 428 1552 cibo
444 1503 499 1552 aut
512 1485 658 1571 exquifito
672 1489 774 1574 aliquo
789 1505 866 1573 potu
879 1493 1033 1575 adlicitut3

69 1582 144 1666 quid
157 1581 207 1644 illa
226 1583 340 1644 tandem
354 1601 513 1646 commune
525 1581 711 1648 habetatum
722 1601 758 1648 ea
773 1585 951 1668 voluptate,
970 1608 1032 1672 qua
1127 1613 1138 1626 ‘

70 1695 122 1742 me
135 1677 256 1741 moveri
272 1673 384 1752 sentio,
401 1676 454 1740 ubi
467 1675 539 1740 mihi
555 1676 625 1740 lieet
643 1677 741 1741 natiue
756 1679 906 1762 quoddam
920 1682 952 1746 di
962 1683 1031 1748 iuu-

71 1772 131 1836 llte
147 1789 274 1836 nmutae
289 1767 562 1853 spedltetdum,aut
579 1769 731 1832 hominum
747 1789 825 1852 opus
837 1772 1034 1858 aliquodue.
1070 1769 1076 1792 ⁸

70 1889 147 1953 gans
164 1870 196 1933 dt
215 1867 367 1934 artificiose
384 1865 570 1942 mnteunn,
594 1867 675 1949 quod
695 1866 861 1950 praesertim
875 1889 987 1934 novum
999 1873 1033 1938 ει

71 1967 170 2028 adhuc
190 1965 261 2028 mihi
277 1964 459 2048 incognitum
478 1959 584 2037 fiderit,
610 1959 703 2024 oculis
721 1962 796 2024 meis
814 1961 955 2041 lustrate,
980 1982 1033 2031 aut

71 2056 218 2122 sonorum
234 2055 323 2120 votis
340 2055 485 2118 humanae
502 2052 715 2134 variorumque
732 2051 910 2117 mufieotum
925 2054 1033 2119 inlitu-

66 2169 248 2218 -mentorum
265 2147 386 2212 suavem
404 2161 583 2210 contentum
598 2143 718 2208 autibus
735 2143 907 2228 percipere?
929 2146 1034 2232 Scupi..

73 2247 143 2310 dam
154 2245 233 2308 illam
251 2243 459 2324 voluntatem,
477 2256 567 2322 quam
586 2256 625 2304 ex
636 2237 722 2301 ineni
740 2236 909 2304 somnoaut
920 2239 1035 2304 socordi

74 2343 199 2426 quiete,
221 2337 270 2402 tui
282 2354 344 2400 non
361 2354 399 2399 ex
417 2330 537 2418 penno
550 2329 656 2394 labore
671 2330 888 2394 condimentum
906 2329 1035 2398 aceede·

74 2440 130 2512 tit,
156 2436 307 2520 percipere
322 2429 456 2497 nonnulli
478 2429 629 2503 videntur,
650 2429 721 2511 quie
737 2427 848 2511 quaeso
861 2429 1036 2510 praeferen-

75 2533 208 2595 damant
221 2525 407 2592 solummodo
420 2521 627 2590 conferendam
642 2518 821 2584 existimetei
830 2522 939 2604 gaudio
948 2568 959 2598 ‚
969 2541 1035 2605 quo

77 2623 168 2688 fruor
192 2641 260 2685 cum
283 2620 419 2704 eotpotie
442 2619 499 2682 mei
513 2617 597 2681 vires
618 2613 707 2680 uariin
722 2633 813 2699 atque
828 2616 918 2681 variis
938 2618 1036 2683 mouit

76 2735 194 2784 ammte
206 2732 400 2796 eterneteque
417 2713 490 2776 mihi
507 2711 575 2775 linet
585 2710 598 2772 d
610 2743 629 2756 -
640 2743 657 2758 -
671 2742 690 2758 -

120 2809 236 2874 Multae
250 2807 315 2872 sunt
329 2806 507 2889 voluptates
520 2823 589 2868 cum
608 2800 701 2866 mutin
711 2801 907 2892 animandum
921 2800 1038 2865 homini

14 2923 27 2950 0
80 2902 307 2989 quodammodo
325 2915 511 2966 eommunett
529 2897 606 2959 aliae
620 2892 726 2958 oontt'a
741 2915 779 2960 ea
793 2894 944 2958 subtiliore
959 2913 1041 2977 quo·

78 2999 147 3062 dnm
169 2994 401 3076 sublimioteque
420 3007 528 3074 genere
552 2987 639 3062 lunt,
656 2989 689 3050 dt
711 2986 837 3050 dominis
856 2987 948 3066 magis
964 3005 1040 3065 pto-

79 3091 173 3172 miae
203 3085 398 3168 Omninoque
418 3079 593 3144 dlffimulate
606 3078 679 3140 mihi
700 3097 760 3140 non
779 3073 913 3158 polium,
940 3075 1042 3158 ingens

82 3179 217 3247 inteteffe
236 3177 393 3242 ffistnmen
407 3172 485 3235 inter
502 3167 654 3234 caumes
673 3167 738 3232 illae
752 3167 939 3248 voluntem,
965 3187 1043 3250 quae

81 3273 197 3340 nonnil]
212 3275 244 3336 in
255 3271 371 3354 eorporis
383 3266 434 3330 nti
450 3262 583 3330 iucundo
597 3261 726 3344 quodam
741 3257 825 3322 sensu
840 3277 988 3340 motuque
998 3259 1043 3321 in·

83 3368 166 3448 sunt,
188 3369 221 3432 dt
236 3368 311 3430 inter
329 3365 383 3427 has
400 3379 481 3446 quae
498 3379 538 3422 me
550 3354 658 3440 ipsun,
675 3354 725 3435 qui
747 3353 808 3416 hoc
822 3369 949 3435 conpote
962 3369 1043 3416 tam-

83 3483 175 3548 qnam
193 3459 387 3522 instrumento
403 3472 492 3530 utor,
514 3451 639 3534 propius
657 3449 832 3532 adtingunt,
852 3463 931 3529 quae
955 3447 1043 3510 nobi

85 3555 212 3622 liotibus
228 3551 334 3613 metitis
345 3547 497 3628 animique
505 3543 695 3609 facultatibus
707 3543 935 3626 percipiuntur:
950 3559 1046 3624 porto
1122 3615 1124 3620 ,

85 3652 165 3716 inter
181 3662 234 3709 eet
249 3641 437 3724 voluptates,
455 3637 563 3720 quium
585 3651 631 3720 ego
640 3635 717 3716 folin
733 3633 858 3717 privatin
873 3654 990 3714 mcum,
1012 3636 1044 3702 dt

86 3745 160 3808 luter
182 3740 237 3804 has
255 3735 367 3820 qulbus
384 3733 413 3796 ln
432 3733 543 3796 allorum
558 3730 724 3810 societate&
746 3727 921 3790 commt'on't
942 3727 1045 3807 sutton

86 3839 197 3924 quibua
212 3831 321 3900 seilicet
335 3847 377 3895 ea
390 3827 450 3896 ltot
463 3824 546 3914 ipso,
560 3823 643 3910 quod
654 3820 703 3888 alu
721 3841 771 3890 eat
790 3839 907 3892 netum
922 3825 1044 3910 putiti-
