2662 4742
444 365 717 436 nonant
1022 391 1065 456 m

102 510 193 597 petit3
210 509 254 589 ic,
269 506 414 596 liquidem
430 507 520 574 semel
533 513 776 595 comprobatione
792 531 828 577 en
843 511 995 578 ablionum
1008 513 1066 578 ltu·

100 627 253 672 manarum
272 610 325 673 vel
336 605 518 685 offendere,
535 607 565 672 in
583 627 642 692 qua
656 609 702 671 vis
719 607 815 672 sensus
835 609 957 674 moralis
969 607 1059 684 inest,

101 707 193 772 luerit
203 721 395 780 commotus,
412 704 525 788 poterit
538 705 695 784 deinceps,
710 704 761 766 ubi
774 705 803 766 id
815 723 899 788 egere
913 704 1065 778 voluerit,

100 801 221 882 quoties
237 797 339 864 denuo
359 795 457 861 sensus
470 795 523 860 istc
531 797 695 872 excitatur,
717 797 789 858 ltccc
807 796 869 860 duo
885 795 1065 880 distinguere

100 909 192 973 etque
210 888 374 972 cogitando
394 887 543 970 separaret
561 890 708 969 primum,
729 885 822 970 ipsunt
838 885 962 968 sensum,
981 885 1066 967 (sen-

96 985 226 1066 sationem
246 1002 341 1067 quant
360 983 457 1046 dicere
473 981 591 1066 solent)
613 984 641 1046 id
654 981 715 1055 eli,
734 981 947 1066 comprobationis
962 1001 1012 1044 eut
1022 977 1067 1060 ofi

33 1091 42 1122 ·
96 1079 228 1159 finfionis
247 1095 345 1140 motam
374 1075 464 1138 menti
481 1075 626 1143 adlectum
658 1091 721 1136 tum
740 1093 815 1136 vero
836 1076 958 1138 αᾶίοιιιιι
977 1093 1066 1149 enm,

103 1172 181 1234 unde
203 1187 308 1232 motus
326 1166 535 1244 adferebatun
561 1187 638 1250 quae
658 1169 781 1252 proinde
803 1169 951 1233 oblcdlum
971 1169 1068 1234 leoluc

104 1263 181 1326 illius
196 1307 205 1336 ‚
223 1262 275 1324 seu
287 1280 335 1323 res
351 1258 445 1324 sensui
464 1262 568 1324 morali
589 1259 735 1336 sublesta,
754 1261 830 1323 teile
839 1261 1008 1329 vocabitur.
1028 1255 1068 1329 Et

103 1358 134 1420 in
148 1359 247 1421 aldone
265 1357 385 1438 quidem
404 1357 509 1420 iterum
532 1357 594 1426 duo
616 1357 773 1439 praecipue
793 1355 922 1438 spectare
940 1357 1066 1438 poterit,

104 1452 250 1532 primum,
276 1465 310 1512 ut
334 1447 455 1523 videat,
476 1449 547 1530 quid
566 1445 623 1530 ipsa
647 1447 697 1509 illa
722 1447 841 1514 afflone
862 1447 1068 1523 contincatur,

105 1543 211 1626 quibus
230 1539 318 1626 quafi
340 1540 470 1624 partibus
486 1543 516 1604 dr
531 1539 661 1604 numeru
676 1541 809 1620 conflet,
831 1541 864 1604 dr
885 1557 966 1623 quue
985 1537 1068 1604 litee

104 1635 283 1720 pntiffimum
307 1651 391 1716 pars,
410 1632 543 1715 inquam
562 1633 680 1715 proprie
694 1634 771 1698 cedit
786 1631 1000 1717 comprobatio
1015 1649 1069 1698 aut

103 1729 243 1806 offendo,
259 1731 352 1804 live,
366 1727 448 1811 quod
462 1727 565 1792 eodem
578 1729 669 1802 redit,
685 1747 778 1810 equa
800 1727 953 1791 musteum
968 1745 1069 1791 motus
1198 1765 1199 1768 =

102 1820 148 1884 illc
161 1819 259 1884 menti
281 1817 421 1884 oblutus?
442 1820 586 1894 alterum,
607 1839 642 1883 ιιι
659 1819 897 1903 circumspiciat,
917 1837 1068 1903 quaenam

103 1916 156 1981 bnt
178 1907 332 1999 cuiusque
350 1915 477 1990 eddonis,
504 1933 581 1996 quae
604 1934 655 1996 per
675 1913 704 1978 le
724 1917 756 1978 dt
779 1915 830 1979 lua
853 1915 958 1999 sponte
975 1915 1068 1981 sensui

103 2013 205 2076 morali
220 2008 489 2074 commendabatur
501 2023 555 2069 aut
572 2009 710 2098 eumdem
728 2005 911 2086 offendebat,
922 2009 1064 2086 edulia,

104 2102 409 2184 quaepconsequmtic?
428 2118 586 2183 quemnam
603 2099 713 2182 efferim
735 2100 797 2164 stve
816 2103 846 2164 in
870 2103 934 2186 ipso
955 2123 1010 2181 co,
1029 2107 1067 2169 de

103 2201 188 2264 cuiue
201 2196 324 2262 afflone
340 2195 511 2277 quaeritur,
531 2193 592 2258 five
612 2195 642 2256 in
660 2195 740 2270 aliis,
758 2193 918 2259 secundum
930 2213 1068 2262 commu·

104 2309 167 2356 nem
182 2310 285 2356 rerum
297 2289 434 2364 cursum,
448 2285 526 2350 allio
535 2287 658 2369 quaevis
666 2287 701 2350 lit
712 2287 866 2353 habitura?
885 2289 998 2354 Similes
1012 2311 1063 2354 ve-

104 2401 140 2452 m
153 2386 244 2446 etiam
261 2377 490 2444 observationes
501 2379 540 2440 de
555 2379 680 2442 aliorum
697 2379 849 2444 bominum
863 2379 945 2446 sensu
959 2383 1065 2446 morali

105 2475 250 2542 instituere
265 2475 357 2548 licet,
377 2471 407 2534 dt
424 2473 459 2534 de
478 2471 639 2552 telonium
658 2475 693 2538 iis
713 2493 791 2557 quae
810 2475 888 2538 illum
909 2477 960 2540 vel
979 2498 1066 2542 com·

105 2571 283 2654 probatione
298 2566 347 2628 vel
365 2564 528 2630 ollenfione
546 2584 704 2632 moveant:
725 2587 763 2632 cx
781 2587 843 2650 quo
858 2574 999 2634 communis
1013 2575 1066 2634 lo-

105 2667 198 2728 mim
216 2660 327 2726 moralis
336 2658 429 2741 sensus
447 2660 606 2735 notitiam,
626 2675 772 2742 quatenus
791 2663 925 2746 analogia
937 2667 1066 2746 patitur,

105 2753 315 2843 capicium-Ex
337 2757 383 2818 bie
400 2757 522 2840 ergo&
550 2757 715 2822 huiusmodi
738 2755 997 2826 observationibus
1012 2763 1067 2826 du·

107 2851 168 2917 eae
178 2849 236 2915 elie
248 2849 360 2914 debent
368 2849 517 2930 generales
527 2849 610 2924 illae,
625 2849 661 2910 de
673 2848 783 2929 quibus
794 2851 960 2932 quaeritur,
973 2869 1068 2916 cnun-

106 2948 265 3021 clationem
292 2961 325 3008 ut
350 2961 453 3008 earum
479 2944 528 3008 vic
548 2961 599 3008 aut
617 2943 697 3007 nulla
719 2940 778 3018 stt,
797 2963 849 3006 aur
870 2946 959 3019 baec,
981 2947 1067 3028 quod

106 3061 194 3124 quam
211 3039 355 3122 plurimae
368 3034 532 3102 illiusmodi
548 3033 770 3098 observationes
786 3031 947 3114 fingulares
959 3035 1013 3097 bnt
1026 3037 1069 3098 in·

106 3135 241 3211 bitume,
256 3135 286 3196 dt
302 3149 341 3196 er
358 3129 403 3190 bis
413 3127 499 3202 illae,
519 3143 595 3207 quae
610 3143 705 3204 neque
721 3125 821 3206 quoad
833 3123 985 3190 aelionum
995 3145 1068 3192 con·

106 3229 329 3301 fidentionem,
351 3239 449 3304 neque
468 3217 568 3302 quoad
592 3215 689 3284 sensus
706 3217 864 3298 iudicium,
885 3221 1001 3286 obscuri
1018 3224 1068 3288 ali·

106 3323 175 3404 quid
188 3339 241 3386 aut
253 3318 360 3386 incerti
374 3313 543 3389 habebant,
560 3312 590 3376 in
605 3330 693 3376 unam
705 3310 847 3377 summam
865 3313 1083 3408 decollatae„

106 3413 150 3479 lta
170 3415 222 3494 fit,
239 3434 294 3491 ut,
313 3414 380 3476 licet
399 3411 539 3489 deinceps
559 3425 598 3472 ex
622 3407 777 3491 analogiae
795 3408 861 3492 lege
880 3427 998 3473 utamur
1014 3410 1067 3476 itte

106 3507 220 3572 lummd
233 3510 271 3571 ad
286 3505 470 3570 iudicandum
484 3503 521 3564 de
534 3501 568 3564 iic
586 3496 765 3575 actionibus,
789 3519 915 3582 quatum
931 3500 1068 3564 confide-

106 3605 186 3668 ratio
202 3599 372 3686 ungulatis,
387 3615 544 3676 antequam
558 3595 699 3658 summam
720 3593 803 3655 iliam
822 3591 1066 3672 subduxerimus,

105 3695 283 3778 diligentiam
299 3691 427 3758 uolitant
445 3683 600 3768 effugerit,
619 3703 671 3758 aut
692 3683 729 3746 de
749 3683 858 3766 quibus
876 3679 974 3746 sensus
990 3685 1067 3748 iudi·

103 3791 183 3861 uum
204 3788 363 3853 obloutmt
383 3801 474 3868 acque
493 3795 603 3864 anceps
621 3793 704 3854 eram
727 3793 826 3842 tamen
844 3775 909 3862 ipsa
927 3777 1067 3848 emunda.
