2664 4732
284 407 341 492 178
640 396 861 464 mones

280 561 342 620 deur
356 546 550 632 rrectffiriemrn
557 589 570 617 ,
589 541 692 603 alienos
705 539 754 623 effe
771 544 807 602 ab
823 538 894 600 omni
910 517 1023 611 virture',
1037 529 1136 598 &ritu
1150 535 1251 616 btfl‘tei

281 671 337 714 mur
353 643 538 724 rudtffimanm
551 638 648 701 vivere.
669 639 765 700 Contra
783 653 950 716 temperantes
957 679 968 706 ,
983 655 1042 694 cum
1057 627 1189 709 [editum
1201 631 1253 690 bo·

280 767 363 817 eum,
379 730 658 806 aucmentando,
675 732 705 791 im
720 732 776 793 dits
797 730 910 792 meliores
916 727 977 810 fitrt'
996 726 1189 808 memoresque,
1215 723 1247 784 fr

280 839 354 900 trdus
366 834 498 918 praeclare
515 827 624 912 agmen
640 826 725 908 magle
742 825 870 908 elegitque
890 823 1006 886 idoneor.
1037 820 1135 900 Quae
1152 835 1248 902 quam

280 945 352 990 ueta
369 924 402 989 dt
421 919 553 984 salutarie
573 916 741 1000 praeceptio
759 913 814 986 fit,
841 911 990 996 cumipse
1014 911 1150 976 omnium
1173 909 1249 974 effer

280 1015 584 1090 comentiffimuw
604 1009 659 1076 suo
683 1010 821 1094 exemplo
844 1009 929 1074 nullo
950 1025 1014 1072 non
1034 1021 1178 1091 ternpore
1192 1006 1250 1072 de-

281 1115 417 1184 claravit

282 1259 309 1340 I.
323 1257 410 1324 VIII.
434 1257 493 1318 Nee
503 1251 609 1316 nimiam
622 1248 735 1336 torporis
746 1270 834 1313 eurem
851 1249 922 1330 grffit
933 1249 1053 1309 Socrates
1060 1290 1074 1319 ,
1093 1265 1175 1328 neque
1186 1262 1249 1306 rem
1324 1227 1325 1234 ἵ

315 1344 317 1358 '
385 1351 484 1413 cultum
495 1347 609 1431 eorportk
625 1343 803 1428 negligendam
818 1341 936 1424 putavit.
963 1339 1066 1402 Martis
1077 1359 1141 1400 etro

543 1439 713 1526 praecipuam
731 1437 824 1498 laeua
840 1437 978 1498 rariorem.

184 1615 185 1618 ι
324 1566 415 1632 Dicat
431 1578 529 1626 autern
548 1555 676 1639 aliquis,
697 1551 845 1636 quidhoc
862 1566 1041 1632 magnopere
1063 1545 1248 1632 pmclarune

284 1681 375 1746 atque
388 1658 527 1724 eximium
545 1653 576 1716 im
594 1647 743 1720 sehabet,
766 1664 787 1706 a
801 1643 938 1719 Venere,
955 1661 972 1706 a
988 1641 1125 1718 Baccho,
1148 1655 1248 1704 caete·

284 1761 385 1840 risque
406 1751 570 1817 lubidinem
593 1741 687 1808 turbis
709 1737 876 1802 abstinere?
900 1757 937 1800 an
954 1755 1016 1798 non
1033 1735 1094 1798 hoc
1108 1732 1247 1819 prudenti

284 1853 401 1926 cuivis,
418 1847 472 1932 qui
487 1843 536 1908 vel
558 1836 738 1903 valetudinis
762 1831 830 1896 suae
852 1832 999 1896 rationem
1022 1831 1130 1903 haum,
1157 1846 1248 1892 curae

150 1945 156 1954 ⁸
286 1947 342 2024 est,
358 1961 392 2008 ut
408 1940 527 2014 omnia,
549 1951 628 2016 quae
647 1947 757 1993 notam
776 1923 884 1988 Inierte
902 1925 1025 2006 poffint,
1046 1925 1124 2009 vitet
1137 1921 1247 2008 fugiat-

285 2051 465 2122 que,arque
478 2031 508 2093 id
526 2026 619 2090 modo
637 2022 792 2105 sequatur,
819 2018 900 2100 quod
918 2015 1054 2100 proficiat
1074 2033 1248 2100 corpusque

286 2133 319 2198 in
333 2131 417 2194 salvo
431 2127 506 2188 llam
523 2119 667 2186 retineat?
689 2115 799 2198 Negari
808 2113 924 2196 quidem
936 2130 997 2174 non
1009 2111 1122 2195 potest,
1136 2129 1249 2174 tertam

287 2222 407 2292 laudem
423 2235 483 2278 non
495 2212 599 2281 mereri
612 2207 827 2296 continentiam
842 2221 951 2286 quaer
968 2203 1127 2286 praecipuo
1138 2197 1250 2286 eorpo-
1324 2257 1325 2272 ,

288 2315 329 2379 rie
350 2326 452 2374 amore
466 2320 600 2386 curaque
619 2301 708 2366 unice
727 2295 947 2381 proficiscetur,
969 2313 1088 2378 quaeve
1106 2295 1136 2356 id
1151 2293 1247 2359 solum
1324 2295 1325 2298 ’

288 2405 417 2492 1ροθιι,
442 2417 477 2464 ιιι
495 2398 579 2462 virae
596 2395 731 2460 socordia
751 2409 803 2456 aur
825 2389 923 2454 mollit
945 2389 1086 2473 quaedem
1109 2386 1250 2452 securius

289 2509 524 2582 promoveatur,
547 2489 682 2572 adeoque
694 2485 828 2572 privatae
845 2483 977 2548 utilitatis
993 2485 1123 2546 rationes
1143 2482 1250 2566 provi·

289 2592 423 2654 deanurr.
444 2584 486 2646 Ar
499 2581 637 2646 nimirum
649 2578 794 2643 eiusmodi
806 2577 882 2642 ratio
899 2593 1012 2638 tantum
1023 2574 1122 2649 abeli,
1147 2591 1184 2638 ut
1197 2573 1251 2637 So·
1324 2621 1325 2624 ι

290 2681 364 2748 crati
378 2679 467 2742 tribui
482 2691 593 2760 queat,
611 2689 646 2737 ut
659 2673 746 2736 ulmis
765 2670 884 2736 severus
899 2670 999 2752 potius
1012 2667 1207 2752 morosucque
1219 2668 1248 2728 in

290 2776 428 2860 corporis
442 2772 541 2845 cultu,
558 2769 687 2852 atquein
698 2786 739 2832 eo
749 2766 925 2850 neglIgendo
938 2783 1028 2848 paene
1045 2762 1156 2826 nimius
1167 2759 1249 2826 fuiffe

291 2868 444 2938 nonnullis
464 2864 558 2928 videti
582 2861 725 2946 potuerit.
754 2861 798 2922 At
814 2879 889 2922 vero
910 2858 1047 2939 corporis
1062 2875 1166 2932 cutam
1189 2856 1250 2919 cul·

293 2979 420 3046 tumque
435 2977 491 3022 nec
506 2955 601 3040 ipsum
620 2951 773 3038 neglexisse
791 2949 960 3027 Socratem,
979 2967 1036 3014 nec
1047 2949 1141 3023 allos,
1155 2945 1250 3038 quiid

295 3049 591 3142 agerenr,proballe,
607 3069 677 3114 cum
688 3045 798 3110 diserro
811 3027 1018 3128 Xenophontis
1031 3041 1218 3118 testimomo,
1233 3057 1249 3092 2

294 3169 361 3238 tum
379 3150 445 3212 aliie
460 3144 643 3212 documentis
655 3157 849 3233 ¹correpettum
868 3139 1022 3202 habemus.
1043 3137 1135 3202 Certe
1150 3137 1181 3200 in
1198 3137 1250 3200 illo

296 3265 366 3310 cum
377 3239 565 3306 adolescente
582 3231 916 3317 Epigenecolloqui0,3
935 3230 1034 3295 sedulo
1042 3231 1251 3294 commendan-

199 3385 206 3392 .
297 3353 356 3400 tem
375 3335 508 3396 videmus
524 3328 673 3394 bonallam
692 3325 829 3408 corporis
841 3343 959 3402 curam3
977 3345 1042 3386 eam
1055 3343 1177 3405 nempe,
1192 3335 1250 3407 qut

295 3431 414 3494 firmum
431 3442 520 3506 atque
537 3421 669 3486 validum
693 3417 853 3504 praestetur
871 3419 930 3482 hoc
953 3419 1044 3480 animi
1061 3417 1125 3480 five
1142 3415 1251 3479 liabita-

295 3523 397 3589 cuium
406 3517 471 3584 five
486 3514 708 3585 indirummrum
717 3557 728 3588 ,
737 3511 769 3578 dr
779 3511 818 3576 ad
828 3510 1063 3596 officiaquaevie
1072 3509 1167 3574 menti
1176 3527 1252 3594 prae·

331 3703 344 3740 ι
363 3681 515 3740 idm-loo.
529 3681 553 3736 l.
570 3694 602 3742 e,
620 3693 646 3736 ι.

331 3779 349 3814 a
365 3765 385 3816 l.
402 3779 433 3825 a,
449 3779 476 3826 4.

333 3839 411 3908 3111.
429 3854 471 3894 ra.
