2662 4742
153 381 893 508 conmonuruumt‘mcutmoue
965 439 1005 524 ις
1092 498 1097 508 .

58 579 202 666 implume,
222 601 260 648 ut
274 579 430 646 absurdum
445 583 496 660 fit,
517 583 549 648 in
564 583 624 648 hoc
635 583 699 668 ipso
710 603 817 671 genere
830 587 1007 671 (quodnon

60 675 146 738 uilin
163 675 364 740 relationibus
375 695 535 761 corporum
546 694 735 742 externorum
746 681 783 742 ad
796 681 927 746 nostrum
939 699 1010 746 eor·

59 789 108 852 put
125 771 278 852 eernitur)
301 771 411 855 aliquid
422 771 548 856 ,absolut
561 775 786 856 veriquaereret
814 773 874 838 iam
894 773 1009 839 ridiculi
1144 799 1145 804 ¹

58 865 206 943 videntur,
222 867 276 951 qui
293 866 343 945 id,
354 866 437 950 quoti
455 883 563 950 negare
580 887 671 932 nemo
686 869 801 953 potest,
815 870 944 954 lnqenue
960 871 1010 936 tli-

58 959 99 1036 ti,
113 973 198 1044 aegre
214 960 326 1026 lerunt.
347 961 412 1026 Nec
426 962 612 1025 vero-minus
629 959 740 1027 ridiculi
758 965 807 1040 lti,
822 967 894 1048 qui,
908 967 960 1030 ubl
972 966 1008 1030 il·

58 1046 105 1110 lutl
119 1050 319 1128 coucedatur,
337 1051 394 1113 iam
412 1051 449 1114 de
466 1049 550 1114 omni
563 1049 690 1115 veritate
703 1067 754 1117 aut
773 1071 851 1118 certe
870 1055 1012 1120 aeunni

58 1143 118 1206 ueri
133 1159 184 1206 aut
201 1143 269 1206 falfa
288 1141 361 1208 noti
375 1145 595 1208 conclamatum
611 1143 695 1223 lore,
708 1145 759 1210 libi
774 1144 956 1229 perluatlent.
1056 1219 1059 1230 ,

95 1235 188 1302 XXX.
207 1235 270 1300 Seri
289 1252 380 1320 quum
398 1237 470 1300 illutl
483 1253 643 1300 commune
660 1233 785 1298 habeant
805 1249 912 1300 onnes
931 1255 1011 1323 qua-

61 1323 147 1390 litates
161 1330 219 1392 bot
230 1327 759 1411 generesmfibilirneompreltenlae,
770 1346 803 1392 ut
821 1349 881 1393 non
892 1331 946 1394 nili
957 1349 1011 1414 per

57 1419 140 1501 [unsar
149 1423 340 1505 perceptionem
354 1422 460 1484 notitia
473 1435 576 1485 earum
594 1421 631 1482 ad
647 1419 775 1484 nostram
789 1422 1013 1506 intelligentiam

61 1511 219 1594 deleraturq
231 1514 375 1578 irmelind
384 1515 482 1589 etiam,
497 1514 632 1598 illudque
642 1515 779 1598 gratius,
796 1514 920 1579 dubium
935 1516 1015 1582 nasei

61 1604 178 1672 videtur.
197 1605 319 1672 Etenim
336 1609 462 1690 quaevis
472 1607 566 1691 sensus
581 1607 708 1694 perceptio
723 1607 773 1671 seu
789 1607 926 1692 sensam,
948 1608 1013 1673 five

62 1715 133 1761 mera
146 1703 342 1786 adpmlmfitaae
359 1701 507 1764 variarum
524 1700 658 1764 tudunum
675 1698 696 1764 s.
714 1701 829 1763 idearum
847 1700 895 1763 illa
912 1701 1015 1764 termi-

62 1809 158 1871 netur,
179 1795 246 1860 stae
260 1811 375 1880 gratum
396 1796 523 1879 aliquem
540 1815 598 1862 aut
614 1797 769 1862 molestum
788 1815 885 1860 mutum
907 1799 1015 1861 hebeat

63 1886 212 1967 tomitem,
228 1891 373 1972 quaevis,
389 1889 508 1972 inquam
518 1935 529 1966 ,
539 1889 661 1953 lenlatio
672 1892 749 1954 intra
759 1891 891 1954 nostrum
903 1909 1017 1976 corpus

61 1979 109 2057 it,
120 1999 210 2066 penes
224 2001 300 2061 nna,
311 2001 373 2046 non
389 2000 473 2046 extra
489 2001 554 2046 nor.
576 1981 621 2046 lta
630 1983 682 2059 lit,
698 2001 731 2046 ut
743 2003 780 2048 ea
796 1985 905 2068 quavis
920 1984 1017 2049 sensa·

61 2076 154 2154 ione,
168 2101 224 2164 per
239 2078 425 2166 lespeflata,
452 2095 513 2142 non
534 2079 750 2162 cognoscamus
764 2079 936 2164 qualitatem
957 2079 1019 2144 rli·

61 2192 144 2255 quam
158 2191 242 2260 quae
255 2175 295 2239 ad
310 2195 360 2238 tta
372 2193 505 2238 extruunt
514 2175 702 2238 constitutam
719 2175 860 2259 pertineat
868 2198 879 2254 ς
893 2173 943 2238 l'erl
957 2195 1014 2242 co·

62 2263 238 2344 multamus
245 2290 296 2330 nos
305 2268 377 2351 ipsos
386 2267 509 2332 notione
522 2267 650 2352 quadarn
662 2267 770 2332 ditator
782 2283 835 2331 aut
842 2284 927 2332 motu
935 2287 1022 2351 quo-1

6 2351 7 2354 ¹
61 2360 122 2422 dam
138 2357 282 2424 allofilos.
305 2361 399 2437 Puta,
421 2360 444 2424 ti
456 2363 551 2443 sonum
572 2375 732 2445 campanae
748 2361 867 2424 auribus
884 2363 1017 2445 perciplq

61 2469 141 2531 mum
151 2475 205 2538 per
220 2454 396 2538 hancipiam
409 2454 474 2518 soni
483 2457 707 2538 perceptionem
723 2453 793 2516 nillil
809 2456 846 2517 de'
859 2453 1017 2519 airect'tm-

60 2561 141 2610 mom
156 2563 210 2612 aut
225 2547 264 2612 de
281 2563 424 2631 campana
442 2549 550 2612 malleo
568 2547 699 2632 peteulla
720 2546 936 2629 cognoscimur.
954 2547 1017 2610 At-

61 2661 118 2724 que
136 2642 160 2707 fi
175 2643 244 2730 quia
262 2663 327 2708 uno
340 2645 450 2708 aditus
467 2659 583 2728 organo
595 2641 726 2706 sensorio
744 2641 823 2704 foret
842 2641 1017 2719 instruens,

61 2738 182 2802 caeteris
196 2737 339 2815 orbatm3
356 2737 425 2812 hic,
449 2737 571 2820 qua'ndo
588 2736 695 2800 sonum
709 2735 892 2818 perciperet,
904 2753 942 2800 ue
960 2755 1018 2800 eo·

64 2829 208 2912 gimturut
222 2831 342 2916 quidem
359 2851 498 2914 umquam
514 2829 585 2893 effer
596 2829 633 2892 ‹le
653 2847 753 2914 empore
769 2831 881 2910 moden
902 2847 979 2890 errem
988 2829 1019 2910 se

60 2925 213 3004 comitium,
232 2927 309 2990 unde
320 2925 368 2988 illa
385 2924 554 2989 sensatioatl
568 2923 662 3007 ipsum
684 2921 847 2998 alietatum
869 2923 942 2984 nilril
961 2939 1021 3002 tq-

62 3016 156 3096 gitare
167 3020 294 3102 poterit,
309 3015 359 3080 nli
366 3019 396 3099 st
411 3019 462 3079 tuli
474 3017 551 3078 nudo
572 3014 708 3097 adsumam.
731 3015 827 3096 Quod
838 3009 944 3077 eodem
955 3029 1021 3074 mo-

61 3109 101 3172 do
118 3111 157 3172 tle
170 3111 289 3176 creent
302 3111 432 3174 sensibus
445 3110 503 3172 dici
523 3109 621 3173 deber.
903 3110 906 3119 '

101 3204 218 3270 xxxi
237 3205 304 3288 Qui
320 3205 406 3268 floris
423 3208 523 3266 mutem
543 3205 709 3278 eduntur,
727 3201 773 3278 le,
795 3199 817 3264 i
834 3197 938 3263 florem
955 3199 1022 3264 nul-

60 3291 122 3358 lum
133 3314 361 3381 umquam,aut
379 3295 466 3359 aliam
483 3311 546 3357 rem
563 3294 688 3357 odorem
701 3291 895 3378 exspirantem
906 3341 917 3370 ,
928 3294 1023 3358 oculis

61 3403 112 3450 aut
130 3389 210 3454 tallu
220 3389 364 3474 usurpare
376 3387 430 3473 ipfi
444 3379 587 3463 licuilset',
598 3405 636 3451 ex
653 3385 755 3450 odoris
768 3385 845 3451 illiue
857 3387 1023 3470 perceptio·

60 3495 275 3564 menumquam
292 3483 328 3543 de
341 3477 481 3563 qualitate
496 3478 620 3543 alicuius
636 3480 679 3542 tel
695 3495 781 3542 extra
800 3477 830 3542 se
845 3478 1025 3544 constitutae

60 3573 217 3656 cogitaret,
232 3573 281 3638 sed
297 3573 421 3637 odotem
435 3572 514 3634 illum
529 3591 591 3635 non
602 3573 653 3634 nifi
666 3587 818 3656 tamquam
827 3567 1025 3632 adfeffionem

59 3665 96 3728 ad
113 3664 145 3728 le
161 3670 354 3752 pertinentem
368 3663 571 3749 cognosceret.
603 3665 653 3728 De
669 3665 732 3746 uisu
752 3661 818 3746 ipso
842 3652 933 3744 (licet
955 3659 1027 3724 diu·

58 3773 148 3823 tuma
173 3758 390 3826 consuetudine
409 3759 528 3842 decepti
557 3777 644 3840 aegre
667 3758 753 3820 nobis
779 3752 1028 3840 persuadeamus)

58 3870 176 3919 emtum
193 3855 258 3935 eli,
280 3855 449 3920 amonuit
463 3853 540 3922 intra
560 3852 670 3918 oculor
682 3841 800 3915 uoltis
818 3867 960 3916 cernere:
975 3867 1025 3936 ut,¹

601 3957 617 4036 5
