2662 4742
305 473 556 546 rasctcttuus
575 473 800 543 SECUNDUS.
974 487 1030 556 tot

69 616 212 684 rinmunt
224 617 378 703 cognitio,-
391 617 626 706 incrementaque
641 619 673 681 in
689 637 728 682 eo
741 615 910 682 exardescat
922 615 1034 682 discen·

13 773 15 780 .
70 711 99 772 di
117 729 204 776 amor
219 713 432 798 cupiditasque.
471 711 567 776 Cuius
585 711 630 774 rei
649 713 723 775 mita
741 711 820 774 initia
837 711 895 774 iant
913 709 944 772 itt
963 727 1035 792 pat-

70 803 152 866 vulis
166 821 291 870 oernete
309 805 390 872 licet.
420 804 486 870 lsto'
498 806 604 870 scilieet
622 804 744 870 ssimuio
760 805 878 868 incitate
897 821 954 868 noa
969 819 1034 865 vo-

70 898 129 961 luit
139 915 260 978 natura,
282 917 319 966 ut
333 919 537 984 quartumque
553 902 795 964 vitaehumanae
808 881 872 962 usu
885 897 972 960 alicui
988 893 1034 959 es·

14 1025 15 1028 ¹
72 995 137 1060 sent
149 995 270 1076 sutura,
287 1017 342 1075 ea,
365 1015 456 1082 prout
466 996 582 1064 oetafio
592 998 710 1072 tulerit,
726 995 965 1081 anquireremtua
982 1011 1035 1056 ne·

72 1105 136 1169 que
152 1105 258 1154 eorum
277 1091 458 1178 quidquam,
477 1106 558 1174 quae
567 1090 604 1152 ats
619 1107 675 1153 not
691 1105 822 1174 genuere
838 1085 969 1150 nostrum
982 1083 1036 1148 ali·

73 1201 141 1264 quo
156 1183 250 1247 modo
265 1183 413 1266 pertinere
428 1183 606 1260 videantur,
627 1181 702 1266 (nis
720 1181 819 1247 forsan
839 1177 1035 1264 gmvtontnu

74 1277 165 1340 rebus
177 1278 333 1361 magisque
342 1276 532 1356 necessariis,
543 1297 584 1342 eo
594 1277 659 1362 ipso
672 1294 827 1364 tempore,
841 1295 904 1360 quo
916 1273 968 1338 ista
978 1293 1036 1338 oc-

75 1389 249 1448 currerent,
268 1370 401 1437 sonemus
415 1373 573 1457 distenti,)
597 1373 715 1458 penims
727 1370 892 1454 negleiium
912 1385 1036 1432 autnon

75 1467 313 1532 animadversum
325 1470 635 1554 praetermitteremus.
662 1467 719 1532 Sed
730 1488 825 1552 quum
841 1465 931 1530 sacile
945 1463 978 1527 stt
991 1461 1039 1524 vi·

77 1563 158 1638 dete,
184 1582 341 1647 quumque
361 1564 462 1662 eaqem
487 1581 588 1627 natura
613 1561 680 1628 satie
704 1561 863 1648 perspicuo
886 1577 961 1623 nutu
981 1575 1037 1620 not

77 1674 216 1732 moneat,
237 1673 271 1721 ut
283 1657 583 1742 quodqtte'ptoxime
597 1657 745 1720 hominem
762 1656 879 1740 tangit,
901 1668 954 1717 ant
968 1671 1037 1714 ma·

77 1748 151 1812 xime
171 1749 211 1812 ad
230 1749 356 1812 humani
373 1751 485 1832 generis
499 1748 622 1812 saiutem
642 1749 674 1812 fla
693 1747 923 1832 persesiionem,
945 1761 983 1807 ex
1000 1761 1039 1808 ea

77 1859 173 1925 parre,
194 1843 226 1906 in
245 1863 306 1926 qua
330 1861 386 1908 not
403 1843 559 1908 elaborate
578 1861 647 1906 oum
666 1843 791 1924 quatiam
818 1839 964 1906 successus
983 1838 1037 1922 spe

76 1935 396 2022 postremarum,
411 1937 452 2000 ita
465 1937 570 2000 maiori
581 1936 681 2002 fludio
692 1937 749 2002 effe
768 1938 842 2004 ilino
856 1957 925 2022 prae
939 1949 1038 2000 caete-
1097 1967 1101 1980 ·

76 2031 118 2094 tis
129 2029 388 2114 prosequendum
408 2029 482 2094 istud
499 2046 624 2094 natutae
641 2031 796 2096 consilium
812 2033 864 2114 qui
883 2030 1039 2114 pmetetit,
1086 2019 1090 2038 '

55 2144 180 2192 mutum
200 2121 290 2190 isium
301 2126 352 2210 qui
367 2124 502 2202 recusat,
525 2124 587 2189 sola
604 2125 859 2208 contemplationis
879 2126 1037 2210 voluptate

77 2219 190 2296 ὼιᾶιιι,
200 2216 266 2280 soso
276 2217 434 2300 quaerendi
446 2215 543 2280 siudio
553 2215 703 2298 abreptus,
715 2219 773 2280 iam
785 2218 891 2280 mirum
900 2235 961 2280 non
975 2215 1035 2293 esi,

75 2309 154 2372 stunc
171 2307 259 2373 facile
274 2328 313 2372 oo
325 2311 497 2392 pervenire,
513 2326 551 2374 -ιιι
569 2308 670 2392 sptetit
686 2311 799 2376 tunsiit
819 2311 974 2389 limitibus,
988 2313 1037 2374 in·
1075 2309 1089 2322 ”

77 2418 213 2488 traquon
222 2403 444 2468 concluduntur
455 2402 578 2468 subfidia
595 2405 709 2470 homini
723 2408 758 2470 ad
775 2427 872 2475 retunt
887 2408 1036 2492 cognitio—

76 2514 142 2560 nem
157 2499 245 2575 data,
264 2515 319 2561 nec
337 2499 458 2574 modum
475 2498 601 2584 amplius
613 2501 705 2565 ullum
719 2521 774 2566 nec
784 2501 871 2566 finem
889 2521 1033 2586 quaeten-

77 2589 224 2656 distciat.
248 2591 328 2672 Quo
341 2590 425 2672 saepo
440 2591 549 2656 tanum
565 2593 624 2672 esi,
644 2610 696 2672 ut,
715 2595 896 2680 posthabitis
908 2598 944 2661 iit
956 2601 1034 2680 quae
1084 2633 1088 2646 ·

75 2689 204 2750 maxime
220 2685 335 2752 homini
353 2683 505 2750 necessaria
522 2704 626 2764 etant,
646 2707 706 2752 non
720 2688 1034 2772 solum'quaestvetint

77 2778 227 2844 acunffimi
246 2773 571 2865 hominening'eniaque
581 2779 630 2846 sua
644 2781 777 2846 torserint
799 2783 877 2847 cirea
894 2803 943 2847 tes
953 2786 1036 2846 eiun-

75 2877 174 2952 mosi,
194 2893 321 2958 quatum
337 2875 373 2938 ad
385 2877 603 2960 cognitionem,
624 2879 766 2962 quoniam
785 2879 933 2963 nequead
946 2879 1035 2941 huius

77 2967 155 3033 vitae
164 2967 266 3046 usiam,
277 2987 378 3052 neque
391 2970 428 3032 ad
440 2967 531 3034 futuri
542 2969 610 3033 aevi
622 2973 859 3046 meditationem,
872 2967 937 3032 ullo
946 2969 1036 3050 pasto

77 3063 242 3144 pertinent,
257 3062 411 3145 vestigium
431 3063 542 3126 nulium
559 3081 617 3124 not
633 3063 743 3126 ducere
753 3061 869 3145 potest3
888 3061 936 3124 sed
949 3063 979 3126 δι
993 3063 1038 3126 ita

76 3173 301 3241 nonnumquam
318 3154 537 3238 quaesiverint,
549 3172 584 3216 ut
596 3153 626 3214 in
640 3153 700 3235 ipsa
719 3153 890 3236 quaestione
901 3171 1038 3236 pugnan-
1076 3161 1078 3168 ’

77 3251 117 3314 tia
129 3253 207 3315 inter
225 3251 255 3315 se
268 3248 497 3332 copularentur,
510 3261 563 3310 aut
573 3247 686 3308 incerta
701 3246 753 3309 ves
769 3245 881 3330 oppido
897 3245 967 3311 salsa
980 3269 1037 3334 pro

78 3345 154 3407 verit
167 3345 315 3428 certisque
327 3357 531 3427 ponerentur,
546 3340 690 3423 dentque,
703 3357 755 3419 ut,
767 3341 837 3424 quid
855 3345 979 3407 omnino
992 3345 1037 3410 es·

77 3434 118 3500 set
127 3438 209 3522 quod
219 3455 413 3520 quaererent,
427 3435 478 3522 ipsi
491 3437 543 3522 qui
557 3435 735 3519 quaerebant
746 3436 898 3502 nescirent.
911 3439 956 3501 Ex
967 3459 1034 3522 quo

71 3529 144 3600 ,iilud
158 3531 350 3610 nascebatur,
374 3551 427 3610 ut,
444 3533 516 3596 dum
533 3533 601 3610 alii,
615 3532 821 3618 quaestionum
839 3532 954 3596 suarum
974 3534 1036 3596 exi·

75 3639 138 3690 tum
153 3647 217 3692 non
237 3629 438 3704 invenientes,
459 3629 647 3712 propriisque
660 3627 773 3712 laqueis
791 3627 913 3703 irretiti,
927 3628 1036 3690 huma-

76 3735 143 3784 nam
161 3722 271 3786 sottem
293 3719 505 3806 desperabundi
527 3722 731 3804 deplorarent,
743 3715 798 3782 ¹aiii
817 3719 935 3783 interim
952 3736 1034 3784 mera

75 3810 247 3878 iuxuriantis
260 3813 426 3896 phantafiae
435 3812 568 3891 somnia,
588 3811 726 3876 modesto
743 3811 952 3895 hypothesium
972 3833 1034 3876 no·

75 3907 151 3974 nine
162 3905 265 3974 sorim
275 3905 369 3978 fltttitn
385 3897 568 3984 intratum,
588 3923 660 3970 mox
677 3923 734 3991 pro
744 3907 901 3996 compertis
914 3905 1034 3978 indubi-
