2662 4742
294 495 352 542 toa
401 468 735 538 SENTENTIARUM
756 464 1161 536 Putwsotutctttum

291 619 399 688 ceffus:
416 620 446 684 u
461 619 489 684 is
500 619 620 703 quidem
632 637 670 684 cn
684 616 802 682 facilior
815 617 847 682 u
864 615 1049 698 expeditior,
1064 617 1269 702 quopropina

291 716 338 792 id,
358 714 396 779 de
415 733 481 798 quo
495 713 667 799 quaeritur,
684 712 809 794 adtingit
825 729 876 787 ea,
905 710 1021 791 absquo
1036 729 1175 792 quorum
1194 714 1272 778 noti·

292 808 334 872 tii
348 805 502 874 universae
528 805 610 870 vitae
632 805 804 879 bominum,
829 805 860 878 ἀ
877 802 1038 869 conditioni
1061 821 1124 886 qua
1146 804 1219 868 sunt
1238 807 1270 870 in

292 899 356 974 boc
368 917 467 964 rerum
484 915 650 964 meantum
662 898 764 964 orbus
776 893 948 971 constituti,
971 895 1047 958 tario
1059 894 1114 958 lua
1126 897 1269 962 conflare

292 1013 357 1059 non
372 1009 501 1077 poterat.
529 992 626 1074 Quod
639 990 661 1054 st
676 991 742 1056 sunt
762 991 934 1074 complura,
952 997 1082 1072 quorum
1098 991 1139 1053 ad
1158 992 1270 1075 cogni·

186 1123 191 1132 r
293 1090 407 1169 pionem
422 1085 700 1168 intelligentiamque
721 1103 783 1148 nott
795 1083 857 1148 fine
877 1083 939 1146 acri
955 1083 1052 1150 nodio
1069 1085 1102 1148 δι
1116 1087 1268 1168 pertinaci

294 1179 399 1246 labore
411 1178 559 1261 perveniri
579 1179 697 1262 potent
715 1179 876 1244 videndum
893 1177 953 1254 efl,
973 1177 1086 1242 bnt-oe
1102 1181 1212 1262 partim
1231 1201 1268 1246 et

293 1273 370 1356 ipsa,
387 1292 465 1356 quae
477 1272 628 1334 minimum
639 1271 771 1336 utilitatis
787 1271 897 1335 fuerint
912 1269 1066 1334 habitura:
1090 1289 1163 1349 aut,
1180 1273 1266 1340 stvei

292 1369 421 1432 maxime
440 1365 576 1431 adierunt
589 1365 700 1448 insigne
717 1366 838 1448 aliquod
858 1365 1047 1448 adaugenda
1068 1368 1152 1432 vitae
1174 1388 1264 1434 oom-

292 1461 382 1524 moda
401 1461 621 1538 adiumentum,
639 1457 872 1541 cogitemus,in
894 1463 953 1523 boc
970 1457 1152 1543 potiffimum
1175 1465 1262 1526 cerni

293 1555 439 1622 humanae
462 1573 584 1618 naturae
607 1553 810 1636 praestantiam
841 1555 1127 1637 excellentiamque,
1157 1560 1262 1638 quod,

294 1666 364 1714 cum
384 1647 469 1712 Deus
485 1649 574 1711 nobis
593 1665 692 1712 rerum
715 1649 908 1712 maximarum
924 1649 956 1710 bt
975 1646 1193 1711 utiliffimarum
1208 1651 1260 1712 vel

292 1737 355 1824 ipse
365 1739 537 1806 enudaverit
548 1741 704 1804 inchoatas
716 1742 748 1805 δι
762 1742 889 1806 maxime
907 1740 1081 1808 Marias
1096 1743 1264 1828 intelligen-

291 1833 368 1910 tias,
385 1833 434 1898 vel
446 1832 559 1896 facilem
575 1832 612 1895 ad
629 1851 681 1896 eas
691 1831 804 1898 adinrm
820 1834 984 1918 aperuerit,
1002 1835 1061 1896 iam
1075 1835 1176 1900 noma
1188 1857 1264 1922 ope·

293 1921 344 1997 rt,
358 1923 461 1989 noflro
477 1923 590 2000 studio,
607 1923 668 1988 iilis
684 1925 774 1990 initiis
790 1925 1000 2008 consequentia
1012 1929 1194 2014 exquirere,
1213 1951 1263 1994 ea·

292 2035 352 2096 quc
371 2033 448 2104 quae
466 2039 587 2095 natura,
605 2017 691 2084 nobis
713 2019 827 2083 interim
846 2019 916 2082 nibil
933 2020 1111 2103 agentibus,
1135 2023 1263 2088 incboa·

291 2105 354 2182 vit,
369 2107 509 2191 deinceps
523 2127 586 2174 arte
605 2109 706 2174 nostri
724 2109 866 2192 perficere
880 2107 1029 2194 poffimus.
1050 2111 1161 2196 Neque
1172 2117 1260 2198 igitur

292 2199 430 2264 terendae
446 2203 626 2286 ignavorum
635 2206 835 2288 quorumdam
848 2221 900 2269 aut
909 2221 988 2272 certe
1002 2205 1196 2272 morosorum
1207 2211 1260 2273 lro·

229 2329 245 2348 ο
292 2297 407 2364 minum
420 2299 572 2381 querelae,
588 2320 668 2384 quos
682 2299 785 2383 dolere
794 2303 941 2366 intertium
952 2301 1091 2378 videtur,
1102 2306 1188 2385 quoti
1199 2325 1260 2368 non

292 2391 393 2458 omnia
408 2392 542 2456 utilitatis
562 2394 673 2476 aliquid
691 2395 830 2460 habiture
851 2397 948 2460 adbuc
964 2396 1024 2460 iam
1045 2395 1102 2459 lint
1116 2398 1256 2462 interum

253 2563 256 2572 Α
291 2483 419 2566 quippe,
438 2486 508 2548 dum
531 2486 665 2552 homines
684 2505 791 2566 eruut,
816 2488 887 2553 dum
908 2491 969 2556 boc
992 2507 1102 2554 aevum
1121 2491 1259 2566 tunm,

291 2576 484 2655 elledebent,
506 2582 558 2664 qui
577 2579 732 2663 praeclaro
751 2581 895 2650 humanae
912 2581 1092 2648 conditionis
1101 2581 1169 2646 iure
1186 2603 1259 2668 gau·

295 2673 397 2748 deant,
414 2693 495 2757 quo,
508 2675 529 2738 fi
542 2677 710 2754 voluerint,
723 2677 832 2761 aliquid
843 2677 880 2742 de
894 2676 967 2754 suo,
979 2675 1031 2742 sui
1040 2677 1134 2762 opes
1146 2697 1261 2744 erutam

292 2767 457 2850 symbolam
477 2771 654 2852 quamdam,
673 2774 701 2834 in
714 2769 891 2836 bermetum
904 2771 1070 2856 aequalium
1086 2770 1212 2838 suorum
1225 2793 1258 2842 ec

291 2861 475 2948 posterorum
487 2863 592 2946 poffint
603 2863 750 2930 conferre.
767 2864 876 2946 Quum
886 2879 986 2932 autern
996 2863 1097 2932 variae
1107 2863 1166 2930 fint
1176 2867 1257 2942 viee,

290 2955 401 3038 quibus
416 2958 454 3018 ad
468 2975 521 3029 aa,
534 2957 570 3018 de
590 2957 701 3041 quibus
718 2957 822 3038 quaeri
838 2975 909 3022 cum
931 2953 1049 3019 ratione
1060 2955 1178 3037 potest,
1200 2973 1256 3020 co·

290 3050 458 3134 ‘noscenda
476 3051 633 3130 pervenire
646 3051 735 3118 iicet:
752 3065 787 3114 ut
803 3067 930 3127 eorum,
948 3067 1028 3133 quae
1045 3065 1254 3132 quaeruntur,

289 3137 347 3203 aba
359 3139 477 3225 singttlis
490 3141 764 3216 observationibus,
780 3141 813 3204 n
829 3139 865 3203 iis
882 3137 1002 3223 quidem
1016 3141 1147 3225 propriis
1156 3143 1256 3208 cuius·

291 3252 365 3314 que,
387 3234 499 3303 confici
511 3235 640 3320 potfinr,
658 3236 688 3298 in
707 3236 771 3300 aliis
788 3233 915 3296 aliorum
927 3234 1081 3298 bominum
1098 3237 1257 3318 experien-

292 3327 332 3390 tia
350 3347 385 3392 ac
396 3329 598 3392 reliimoniunt
615 3329 645 3390 in
656 3331 799 3394 auxilium
815 3325 870 3388 lint
881 3327 1036 3405 vocanda,
1058 3329 1115 3392 alia
1133 3347 1172 3392 ex
1191 3331 1256 3394 col*

292 3419 360 3482 bris
378 3421 455 3482 inter
475 3417 505 3480 se
521 3419 735 3500 multiplicibus
756 3415 1015 3482 observationibus
1033 3419 1189 3498 constent,
1201 3423 1256 3486 clia

292 3513 419 3596 denique
438 3511 592 3595 analogici
609 3509 800 3574 ratiocinandi
818 3508 870 3574 viti
890 3507 1126 3592 cognoscantur3
1141 3534 1252 3598 quum-

294 3626 353 3690 que
370 3625 484 3690 preeter
501 3607 576 3670 baec
594 3605 718 3670 subsidia
738 3625 755 3668 a
771 3604 877 3672 natura
899 3605 969 3670 data
991 3625 1107 3672 novum
1124 3606 1252 3690 aliquem

294 3717 425 3784 eumque
442 3721 601 3784 perennem
614 3701 886 3786 cognoscendarum
905 3718 1005 3764 retum
1022 3701 1254 3784 graviffimerum

292 3790 407 3860 fontem
424 3797 571 3878 aperuerit
586 3795 700 3878 Divina
709 3795 892 3878 benignitas,
910 3791 999 3876 ipfius
1014 3793 1122 3859 scilieet
1136 3794 1196 3860 Dei
1207 3813 1256 3866 req·

295 3883 465 3950 stimonium
474 3933 486 3966 ‚
503 3907 555 3976 per
571 3890 697 3974 Legatos
711 3885 931 3973 probatiffimae
949 3885 1018 3955 fidei
1037 3889 1125 3954 nobis
1140 3887 1255 3968 calibi-
