2662 4742
283 413 325 499 76
421 442 423 446 ·
590 413 670 484 ou
709 335 915 482 sessu

280 579 324 629 ve
337 561 455 626 candem
467 559 497 623 iu
508 559 656 635 aererms,
669 557 770 622 nescio
783 559 912 642 quibus,
927 575 1026 623 mnam
1039 556 1187 636 essentiis,
1201 576 1247 624 ar-

282 674 344 745 que
355 657 421 720 inde
435 655 638 720 exsistentibus
648 653 809 717 neoeffariis
821 651 997 736 quibusdam
1010 655 1241 734 cognationibus

283 747 555 834 relationibusque,
570 763 705 810 normam
723 763 788 808 eam
801 762 915 826 ponas,
927 763 987 827 qua
999 745 1112 808 morale
1123 745 1242 808 Bonum

283 859 418 925 apravo
430 839 597 904 dividatur:
613 842 686 905 nolo
702 841 763 903 iam
782 839 951 923 disputare,
971 859 1063 924 quam
1081 843 1246 904 commode

283 956 417 1022 quamve
440 938 578 1000 adcurare
596 936 702 1000 ssorum
728 936 862 1020 quodvis
886 933 1020 1010 dicatur,
1039 953 1093 1000 aur
1119 940 1246 1000 omnino

286 1049 375 1114 quam
394 1027 471 1094 seliei
491 1032 618 1098 condio
633 1028 765 1111 uuoepu
781 1029 820 1093 sie
833 1047 899 1095 rora
914 1031 989 1093 baec
1013 1049 1122 1111 opera,
1140 1051 1245 1096 omnes

285 1122 406 1186 virturis
419 1123 452 1186 dc
464 1121 554 1185 officii
570 1139 687 1206 partes,
708 1139 856 1205 quatenus
866 1124 897 1184 in
914 1121 983 1206 ipsis
1000 1122 1172 1188 auronum
1187 1143 1249 1188 cer·

287 1232 419 1292 nuurur,
438 1233 497 1278 una
516 1215 639 1302 quadam
656 1215 810 1278 communi
831 1211 1015 1300 simplicique
1033 1219 1251 1280 enunciatione

288 1305 524 1388 compledendi:
549 1307 620 1370 iliud
639 1325 777 1390 quaero,
793 1325 860 1389 quo
881 1305 968 1389 pado
985 1323 1019 1370 re
1036 1309 1204 1390 expedias,
1225 1307 1249 1370 ss

289 1402 356 1486 quis
370 1421 389 1464 a
404 1418 435 1465 re
454 1402 600 1468 racionem
619 1399 761 1470 defideret
778 1403 935 1484 expromi,
955 1421 1013 1484 qua
1029 1419 1205 1466 oommorus
1216 1419 1251 1466 ru

289 1493 322 1558 in
336 1495 439 1564 surum
458 1515 556 1560 rerum
568 1497 668 1578 aliqua
677 1493 826 1578 pendere
840 1495 916 1560 isiud
930 1493 1126 1560 disrioflionis
1137 1515 1253 1580 genus,

291 1590 375 1676 quod
391 1590 609 1666 umbrosas,
626 1585 927 1676 petraniquam,
944 1607 1009 1672 quo
1019 1589 1131 1654 indicio
1146 1609 1252 1668 urens,

292 1685 366 1770 quid
375 1683 550 1766 respiciens,
568 1683 641 1768 quid
654 1683 786 1756 secturus,
803 1702 845 1754 cu,
858 1683 889 1746 in
899 1681 1020 1747 istorum
1034 1685 1255 1770 principiorum

295 1777 398 1861 aliquo
411 1779 481 1840 iures
502 1777 534 1842 ds
547 1772 761 1864 offidi‘raeionen
771 1775 862 1841 inesse
870 1775 996 1856 ffiruas,
1013 1783 1101 1843 cuius
1121 1779 1195 1844 haec
1207 1782 1256 1843 vis

293 1867 348 1946 fir,
373 1870 493 1934 utillud
510 1871 628 1936 servare
644 1873 783 1954 ruerique
798 1871 947 1935 hominem
966 1874 1058 1935 dcam
1067 1889 1160 1956 arque
1177 1896 1258 1960 opor-

296 1969 378 2027 rm?
394 1964 537 2056 denique,
552 1964 624 2047 quid
638 1963 741 2028 sthoc
752 1964 894 2040 omnino,
912 1965 997 2048 quod
1009 1967 1116 2030 adhoc
1128 1966 1260 2052 sequen-

298 2055 390 2131 dum,
402 2059 580 2122 contrarium
595 2057 924 2143 fugiendum,obligaros
936 2055 994 2120 esse
1005 2057 1142 2124 homines
1155 2061 1261 2130 dicas?-

347 2150 405 2222 vl.
425 2151 575 2216 Nimirum
596 2153 626 2215 in
646 2171 769 2225 eorum,
796 2169 875 2240 quae
895 2149 1048 2215 hominem
1069 2153 1110 2215 ad
1127 2153 1260 2238 aliquid,

299 2243 386 2310 euisrs
408 2245 576 2308 miusmodi
593 2243 647 2319 fis,
668 2243 729 2307 sive
748 2241 882 2312 sessione
902 2247 1047 2309 ruendam
1066 2245 1178 2309 sivein
1196 2247 1260 2310 vira

300 2337 467 2420 agendum,
484 2352 718 2422 commoveant,
736 2337 855 2401 rarione
868 2336 1029 2422 caufflque
1042 2337 1192 2402 reddendi
1209 2355 1261 2404 aas

302 2429 492 2512 quaerenda,
513 2429 543 2490 in
564 2427 710 2492 infinitum
729 2443 813 2492 ceree
835 2429 973 2514 progredi
989 2447 1052 2493 non
1069 2429 1158 2508 liceo,
1177 2452 1260 2515 quo-

303 2522 383 2584 niam
402 2521 442 2585 src
464 2523 561 2584 omnis
577 2523 654 2585 ratio
679 2541 757 2586 vana
774 2521 807 2586 ds
824 2521 919 2585 inanis
936 2520 1005 2586 esset
1021 2521 1135 2586 futura.
1166 2525 1262 2608 Atqui

303 2615 437 2700 quaesiio
453 2616 540 2680 sunem
559 2635 621 2680 non
636 2615 678 2680 esi
691 2615 847 2679 habitura:
865 2632 990 2699 urgere,
1005 2613 1129 2692 inflare,
1140 2617 1174 2681 dc
1187 2639 1264 2702 quo·

304 2727 435 2795 eumque
451 2726 480 2772 re
493 2710 620 2773 verteris
632 2709 766 2794 persequi
783 2707 898 2786 iicebit,
922 2710 1019 2772 donec
1032 2725 1202 2774 extremum
1219 2731 1264 2776 ar·

214 2820 218 2830 ·
306 2821 366 2886 que
386 2803 542 2879 ultimum,
563 2803 594 2866 in
613 2822 678 2886 quo
694 2801 851 2878 consistas,
869 2802 907 2866 fir
920 2803 1085 2879 eiusmodi,
1105 2821 1141 2867 ur
1157 2807 1265 2871 imme·

306 2897 386 2962 dieti
402 2895 502 2963 sensus
511 2897 664 2963 cuiusdam
684 2896 926 2980 pereeprione,id
941 2895 1001 2972 eii,
1016 2895 1142 2978 vdjpsa
1154 2899 1263 2983 inpui-

306 2993 393 3059 siose
408 3002 460 3058 aur
474 2990 567 3074 specie
579 2989 670 3054 sensui
687 3009 705 3052 a
724 2991 814 3054 rebus
827 2987 950 3054 obiesiis
962 2989 1075 3062 aulae,
1088 2989 1146 3052 sei
1154 3009 1263 3057 eorum

307 3104 385 3170 quae
401 3086 434 3148 io
445 3085 506 3176 ipsa
524 3104 624 3152 mense
637 3099 784 3169 geruntur
798 3081 1008 3148 informatione
1018 3083 1048 3144 ds
1065 3081 1266 3163 consciendi,

309 3181 580 3266 conprehendatur
600 3179 818 3262 iudiceturque.
836 3175 931 3260 igirur
954 3173 1168 3240 ωπῶιικωιιε
1187 3198 1218 3241 r.
1237 3198 1263 3244 c.

310 3275 540 3357 philosophum,
567 3277 619 3360 qui
641 3277 673 3338 in
696 3273 847 3337 afflonum
865 3269 998 3332 emnium
1017 3267 1267 3356 modionumque

311 3363 397 3429 cursu
414 3366 451 3428 ad
469 3363 682 3428 Persesiionem
703 3367 818 3448 generis
839 3362 980 3438 humani,
1002 3379 1115 3448 quanta
1138 3367 1268 3428 maxima

311 3457 439 3542 cogitari
453 3453 561 3541 poffir,
578 3455 775 3538 praedandam
792 3453 1008 3544 tuendamque,
1028 3452 1175 3518 summam
1196 3457 1272 3522 boni

210 3581 213 3588 ·
313 3553 433 3618 moniis
444 3550 677 3639 arqueuirimam
689 3548 888 3620 officiiomnis
902 3547 1047 3616 nomem
1065 3549 1208 3633 posuerit.
1218 3553 1270 3622 Ab

314 3643 376 3710 hoe
390 3645 441 3710 ubi
454 3647 537 3730 quis,
548 3646 614 3710 fise
623 3645 654 3708 iu
671 3663 703 3707 re
716 3640 778 3727 ipsa
792 3641 952 3720 haessnm,
965 3641 1028 3706 sive
1041 3641 1173 3709 dicendi
1185 3643 1271 3710 caus·

315 3737 349 3803 sl
360 3739 547 3819 addubitans,
564 3739 720 3826 quaesierit
733 3740 772 3803 de
787 3757 975 3822 quacumque
988 3739 1088 3823 aliqua
1097 3739 1195 3804 odim
1207 3759 1273 3823 par·

319 3845 372 3908 ec,
390 3835 709 3914 cureamiuofficio,
732 3833 970 3921 iniisadlquse
990 3849 1116 3899 naturae
1135 3833 1275 3926 ingebo-
