2654 4740
235 404 282 460 vl
475 379 954 460 PRAEFATIO.

234 497 340 619 sunt,
364 533 469 606 etiam
487 556 586 605 nunc
602 555 686 607 cum
704 523 822 604 fructu
840 527 1000 622 quodam
1018 525 1086 625 legi
1101 524 1203 620 posse

113 705 123 726 κ
232 643 403 716 iudicent.
450 643 554 748 Quin
578 640 685 715 etiam
709 638 855 721 conlido
881 637 957 708 sore
979 637 1201 744 nonnullos,

236 755 323 848 qui,
348 779 465 848 quum
487 757 525 826 in
548 778 593 825 eo
616 775 743 850 genere
768 751 801 823 8c
824 745 1199 842 contemplativam&
1324 783 1325 790 κ

235 859 424 960 pmllicam
436 864 697 960 philosophiam
709 855 900 948 traslandi,
920 859 1022 952 quod
1035 875 1118 928 ante
1132 855 1201 926 hoo

236 971 428 1072 triginta&
443 971 546 1066 quod
570 970 726 1046 excurrit
743 993 851 1042 annor
867 965 1105 1068 inUGermania
1120 983 1199 1035 ma'·

236 1081 335 1160 xime
355 1083 537 1182 viguerat,
565 1079 707 1156 fuissent
729 1079 826 1152 haud
848 1102 960 1173 pauca
980 1099 1073 1170 quae
1095 1075 1200 1146 aliter

176 1247 180 1252 -
238 1191 367 1284 utique
380 1191 513 1264 institui
527 1192 753 1287 praecipique
768 1187 987 1274 debuerant,
1001 1207 1198 1279 quumque

238 1300 389 1372 innova
401 1301 466 1372 hac
481 1301 721 1396 philosophia,
741 1323 833 1393 quae
848 1315 1003 1392 quatuor
1016 1297 1074 1369 vel
1086 1295 1197 1388 quin-

238 1431 313 1502 que
325 1407 455 1493 abhinc
468 1410 598 1497 lustris,
614 1408 775 1482 asummi
788 1409 862 1482 viro
878 1403 1006 1506 ingenii
1018 1397 1195 1499 profetia,

193 1539 205 1582 ·.
238 1509 447 1592 continente
466 1517 629 1612 quodam
647 1517 812 1614 contagio
833 1541 895 1610 per
917 1531 1031 1586 totam
1053 1509 1197 1585 Germa·

234 1626 334 1698 niam
346 1641 538 1724 propagata
549 1628 613 1714 eli,
632 1629 745 1700 multa
756 1626 860 1698 insint
874 1625 907 1702 8c
919 1622 1089 1695 verissime
1100 1644 1198 1715 prae·

237 1736 384 1828 cepta&
397 1735 688 1830 opportunillame
704 1736 864 1825 monita,
884 1757 1011 1806 eorum
1026 1727 1125 1804 luud
1136 1729 1196 1803 in-

236 1843 359 1918 fimam
381 1859 560 1938 partema
582 1845 686 1920 nobir
706 1844 883 1940 provisam
906 1855 1194 1934 occupatumque

236 1952 337 2028 fuisse
355 1953 553 2054 intelligant
561 1983 571 2042 ;
596 1957 628 2032 lc
648 1957 797 2051 quidem
815 1955 863 2026 ita
877 1951 1071 2050 provisam,
1096 1964 1136 2020 ut
1159 1947 1194 2018 sc

237 2085 396 2134 errorum
412 2063 593 2156 scopulos,
611 2065 658 2137 ad
675 2090 767 2158 quos
783 2064 931 2136 maximi
951 2060 1107 2134 nominis
1127 2057 1194 2131 viri

235 2169 630 2256 adliserunt,8thorrida
638 2174 696 2244 illa
704 2174 882 2268 spinarum
892 2165 1194 2262 dumeta,quihuo

235 2278 374 2352 nudam
384 2281 615 2376 lucidamque
627 2284 811 2360 veritatem
827 2281 1051 2354 circumcirca
1062 2275 1196 2372 sepien-

238 2393 323 2466 darn
339 2409 532 2487 putamnt,
552 2413 683 2468 conatu
696 2397 794 2470 haud
807 2393 940 2470 infelici
951 2394 1150 2465 vitaremus.

285 2503 411 2598 Atque
427 2505 632 2602 idquidem
650 2531 725 2579 non
740 2508 789 2578 ita
803 2507 907 2596 dico,
925 2521 968 2575 ut
981 2502 1067 2574 novi
1082 2498 1194 2593 quid-

228 2616 335 2712 piam
357 2618 445 2689 olim
468 2642 489 2690 a
512 2641 573 2689 me
595 2618 786 2691 inventum
809 2613 875 2688 else
896 2613 1045 2710 intelligi
1069 2611 1191 2692 velim.

237 2723 341 2829 Quin
361 2725 481 2818 potius
501 2725 539 2797 in
562 2749 610 2797 ea·
622 2725 869 2819 Philosophiae
888 2739 1004 2818 parte,
1033 2707 1125 2814 quae
1144 2719 1206 2796 ad-

234 2833 514 2928 pernoscendam
533 2836 644 2925 animi
661 2835 810 2913 humani
827 2850 991 2908 naturam
1011 2831 1194 2903 conditio·

233 2965 395 3038 nemque
408 2943 441 3016 sc
452 2945 501 3022 ad
514 2971 630 3023 mores
641 2945 817 3044 regendos
827 2946 1002 3040 pertinet,
1019 2958 1059 3014 ut
1073 2941 1195 3034 quod·

232 3077 308 3147 que
325 3056 514 3132 inventum
537 3081 676 3130 novum
695 3055 854 3132 maxime
866 3054 990 3142 suerit,
1005 3053 1036 3126 lc
1053 3051 1195 3130 inaudi-

232 3177 337 3251 tum,
362 3162 393 3238 δε
413 3190 432 3237 a
452 3168 642 3240 communi
663 3167 856 3244 hominum
873 3163 972 3242 seusu
989 3179 1193 3250 remotum,

234 3265 380 3366 (eorum
400 3272 592 3344 hominum
613 3274 718 3374 dico,
741 3275 806 3364 qui
828 3273 861 3340 se
885 3270 947 3362 ipsa
969 3270 1194 3362 aliquatenus

228 3378 507 3472 pertentatum,
523 3381 556 3456 lc
570 3385 734 3452 notiones
746 3382 876 3452 intimo
890 3380 1064 3472 cuiusque
1076 3379 1192 3452 sensui

237 3489 352 3568 insitas
364 3489 618 3587 aliquantispet
633 3493 807 3588 explicare
820 3491 1042 3592 didicerunt)
1055 3493 1102 3564 ita
1114 3517 1191 3569 ma·

238 3600 337 3674 xime
345 3597 499 3696 suspecta
508 3603 644 3678 inventi
653 3601 962 3700 illiua&v‚eritat·8c
972 3604 1101 3676 utilitas
1111 3627 1191 3676 me·

238 3709 308 3787 rito
321 3711 570 3800 debethaberi.
582 3714 684 3786 *Nam
697 3714 811 3810 quiin
825 3715 1120 3790 transscendendo
1132 3708 1193 3810 (ut'

237 3817 303 3915 ipo
312 3821 512 3916 praedicare
521 3828 655 3921 amant)
665 3823 852 3902 communi
866 3822 1056 3900 hominum
1069 3841 1191 3918 captu,
