<?xml version="1.0" encoding="UTF-8"?>
<!DOCTYPE html PUBLIC "-//W3C//DTD XHTML 1.0 Transitional//EN"
    "http://www.w3.org/TR/xhtml1/DTD/xhtml1-transitional.dtd">
<html xmlns="http://www.w3.org/1999/xhtml" xml:lang="en" lang="en">
 <head>
  <title>
</title>
<meta http-equiv="Content-Type" content="text/html;charset=utf-8" />
  <meta name='ocr-system' content='tesseract 3.04.00' />
  <meta name='ocr-capabilities' content='ocr_page ocr_carea ocr_par ocr_line ocrx_word'/>
</head>
<body>
  <div class='ocr_page' id='page_1' title='image "./opusculaacademi00schwgoog_0094.png"; bbox 0 0 2662 4742; ppageno 0'>
   <div class='ocr_carea' id='block_1_1' title="bbox 236 381 1050 518">
    <p class='ocr_par' dir='ltr' id='par_1_1' title="bbox 236 381 1050 518">
     <span class='ocr_line' id='line_1_1' title="bbox 236 381 1050 518; baseline -0.001 -22"><span class='ocrx_word' id='word_1_1' title='bbox 236 381 243 408; x_wconf 64' lang='lat'>⁸</span> <span class='ocrx_word' id='word_1_2' title='bbox 296 430 379 496; x_wconf 77' lang='lat' dir='ltr'>ue</span> <span class='ocrx_word' id='word_1_3' title='bbox 409 428 582 496; x_wconf 82' lang='lat' dir='ltr'>seusu</span> <span class='ocrx_word' id='word_1_4' title='bbox 615 427 837 498; x_wconf 76' lang='lat' dir='ltr'>notatu</span> <span class='ocrx_word' id='word_1_5' title='bbox 1008 449 1050 518; x_wconf 77' lang='lat'>7,</span> 
     </span>
    </p>
   </div>
   <div class='ocr_carea' id='block_1_2' title="bbox 11 571 1055 3836">
    <p class='ocr_par' dir='ltr' id='par_1_2' title="bbox 11 571 1055 2345">
     <span class='ocr_line' id='line_1_2' title="bbox 130 571 1055 659; baseline 0 -21"><span class='ocrx_word' id='word_1_6' title='bbox 130 575 171 644; x_wconf 84' lang='lat' dir='ltr'>ii.</span> <span class='ocrx_word' id='word_1_7' title='bbox 192 571 311 638; x_wconf 80' lang='lat' dir='ltr'>Eodem</span> <span class='ocrx_word' id='word_1_8' title='bbox 336 575 396 639; x_wconf 82' lang='lat' dir='ltr'>iere</span> <span class='ocrx_word' id='word_1_9' title='bbox 413 575 525 652; x_wconf 91' lang='lat' dir='ltr'>modo,</span> <span class='ocrx_word' id='word_1_10' title='bbox 549 595 640 659; x_wconf 90' lang='lat' dir='ltr'>quum</span> <span class='ocrx_word' id='word_1_11' title='bbox 661 576 701 638; x_wconf 93' lang='lat' dir='ltr'>de</span> <span class='ocrx_word' id='word_1_12' title='bbox 717 571 875 640; x_wconf 80' lang='lat' dir='ltr'>subiimior&#39;t</span> <span class='ocrx_word' id='word_1_13' title='bbox 895 571 955 638; x_wconf 78' lang='lat' dir='ltr'>iun</span> <span class='ocrx_word' id='word_1_14' title='bbox 967 573 1055 640; x_wconf 72' lang='lat' dir='ltr'>crdrd</span> 
     </span>
     <span class='ocr_line' id='line_1_3' title="bbox 86 665 1050 756; baseline 0.002 -27"><span class='ocrx_word' id='word_1_15' title='bbox 86 669 162 756; x_wconf 76' lang='lat' dir='ltr'>sensu</span> <span class='ocrx_word' id='word_1_16' title='bbox 180 667 320 750; x_wconf 75' lang='lat' dir='ltr'>quaestio</span> <span class='ocrx_word' id='word_1_17' title='bbox 336 668 481 744; x_wconf 89' lang='lat' dir='ltr'>habetur,</span> <span class='ocrx_word' id='word_1_18' title='bbox 505 687 569 750; x_wconf 90' lang='lat' dir='ltr'>quo</span> <span class='ocrx_word' id='word_1_19' title='bbox 584 669 728 732; x_wconf 87' lang='lat' dir='ltr'>iudicetur</span> <span class='ocrx_word' id='word_1_20' title='bbox 752 669 801 748; x_wconf 82' lang='lat' dir='ltr'>(id</span> <span class='ocrx_word' id='word_1_21' title='bbox 818 668 878 744; x_wconf 79' lang='lat' dir='ltr'>est,</span> <span class='ocrx_word' id='word_1_22' title='bbox 900 665 987 732; x_wconf 82' lang='lat' dir='ltr'>uun</span> <span class='ocrx_word' id='word_1_23' title='bbox 1003 666 1050 730; x_wconf 83' lang='lat' dir='ltr'>di·</span> 
     </span>
     <span class='ocr_line' id='line_1_4' title="bbox 91 759 1049 844; baseline -0.002 -20"><span class='ocrx_word' id='word_1_24' title='bbox 91 759 267 843; x_wconf 75' lang='lat' dir='ltr'>gnoseatur,</span> <span class='ocrx_word' id='word_1_25' title='bbox 289 759 374 826; x_wconf 84' lang='lat' dir='ltr'>fimul</span> <span class='ocrx_word' id='word_1_26' title='bbox 391 761 442 826; x_wconf 85' lang='lat' dir='ltr'>vel</span> <span class='ocrx_word' id='word_1_27' title='bbox 457 763 679 826; x_wconf 83' lang='lat' dir='ltr'>commendetur</span> <span class='ocrx_word' id='word_1_28' title='bbox 698 763 747 824; x_wconf 85' lang='lat' dir='ltr'>rei</span> <span class='ocrx_word' id='word_1_29' title='bbox 770 759 978 844; x_wconf 77' lang='lat' dir='ltr'>improbetur)</span> <span class='ocrx_word' id='word_1_30' title='bbox 998 759 1049 834; x_wconf 83' lang='lat' dir='ltr'>id,</span> 
     </span>
     <span class='ocr_line' id='line_1_5' title="bbox 91 855 1049 940; baseline -0.002 -18"><span class='ocrx_word' id='word_1_31' title='bbox 91 859 171 940; x_wconf 92' lang='lat' dir='ltr'>quod</span> <span class='ocrx_word' id='word_1_32' title='bbox 185 861 215 922; x_wconf 86' lang='lat' dir='ltr'>iu</span> <span class='ocrx_word' id='word_1_33' title='bbox 225 859 398 924; x_wconf 66' lang='lat' dir='ltr'>actionibus</span> <span class='ocrx_word' id='word_1_34' title='bbox 410 859 587 936; x_wconf 83' lang='lat' dir='ltr'>hominurn,</span> <span class='ocrx_word' id='word_1_35' title='bbox 597 860 628 920; x_wconf 92' lang='lat' dir='ltr'>in</span> <span class='ocrx_word' id='word_1_36' title='bbox 639 859 728 921; x_wconf 86' lang='lat' dir='ltr'>animi</span> <span class='ocrx_word' id='word_1_37' title='bbox 742 855 1049 940; x_wconf 71' lang='lat' dir='ltr'>mteeimibutaqen·</span> 
     </span>
     <span class='ocr_line' id='line_1_6' title="bbox 11 951 1050 1037; baseline 0 -23"><span class='ocrx_word' id='word_1_38' title='bbox 11 989 12 992; x_wconf 60' lang='lat'><em>=</em></span> <span class='ocrx_word' id='word_1_39' title='bbox 91 953 180 1035; x_wconf 82' lang='lat' dir='ltr'>dique</span> <span class='ocrx_word' id='word_1_40' title='bbox 198 953 534 1031; x_wconf 80' lang='lat' dir='ltr'>confiliis,itoneflum,</span> <span class='ocrx_word' id='word_1_41' title='bbox 553 971 658 1037; x_wconf 89' lang='lat' dir='ltr'>turpe,</span> <span class='ocrx_word' id='word_1_42' title='bbox 673 952 796 1030; x_wconf 83' lang='lat' dir='ltr'>iuiium,</span> <span class='ocrx_word' id='word_1_43' title='bbox 812 951 950 1016; x_wconf 75' lang='lat' dir='ltr'>iniustum</span> <span class='ocrx_word' id='word_1_44' title='bbox 961 997 972 1028; x_wconf 92' lang='lat'>,</span> <span class='ocrx_word' id='word_1_45' title='bbox 984 952 1050 1014; x_wconf 77' lang='lat' dir='ltr'>vir·</span> 
     </span>
     <span class='ocr_line' id='line_1_7' title="bbox 91 1043 1048 1128; baseline -0.003 -19"><span class='ocrx_word' id='word_1_46' title='bbox 91 1049 162 1110; x_wconf 87' lang='lat' dir='ltr'>tutis</span> <span class='ocrx_word' id='word_1_47' title='bbox 177 1047 369 1110; x_wconf 76' lang='lat' dir='ltr'>excellentiae</span> <span class='ocrx_word' id='word_1_48' title='bbox 387 1047 479 1128; x_wconf 74' lang='lat' dir='ltr'>magis</span> <span class='ocrx_word' id='word_1_49' title='bbox 495 1048 633 1112; x_wconf 81' lang='lat' dir='ltr'>minusve</span> <span class='ocrx_word' id='word_1_50' title='bbox 654 1043 902 1120; x_wconf 87' lang='lat' dir='ltr'>consentaneum,</span> <span class='ocrx_word' id='word_1_51' title='bbox 919 1045 1048 1120; x_wconf 70' lang='lat' dir='ltr'>diciturq</span> 
     </span>
     <span class='ocr_line' id='line_1_8' title="bbox 92 1135 1049 1224; baseline 0 -21"><span class='ocrx_word' id='word_1_52' title='bbox 92 1157 155 1203; x_wconf 88' lang='lat' dir='ltr'>tum</span> <span class='ocrx_word' id='word_1_53' title='bbox 173 1159 251 1204; x_wconf 88' lang='lat' dir='ltr'>vero</span> <span class='ocrx_word' id='word_1_54' title='bbox 270 1141 384 1215; x_wconf 85' lang='lat' dir='ltr'>video,</span> <span class='ocrx_word' id='word_1_55' title='bbox 404 1141 496 1206; x_wconf 83' lang='lat' dir='ltr'>urum</span> <span class='ocrx_word' id='word_1_56' title='bbox 511 1140 701 1224; x_wconf 76' lang='lat' dir='ltr'>ampiunque</span> <span class='ocrx_word' id='word_1_57' title='bbox 714 1135 959 1221; x_wconf 80' lang='lat' dir='ltr'>effeditceprand&#39;</span> <span class='ocrx_word' id='word_1_58' title='bbox 971 1155 1049 1203; x_wconf 77' lang='lat' dir='ltr'>taur·</span> 
     </span>
     <span class='ocr_line' id='line_1_9' title="bbox 90 1228 1047 1316; baseline -0.004 -18"><span class='ocrx_word' id='word_1_59' title='bbox 90 1255 183 1316; x_wconf 88' lang='lat' dir='ltr'>pum,</span> <span class='ocrx_word' id='word_1_60' title='bbox 203 1235 256 1297; x_wconf 90' lang='lat' dir='ltr'>ubi</span> <span class='ocrx_word' id='word_1_61' title='bbox 271 1233 579 1316; x_wconf 61' lang='lat' dir='ltr'>damulae-virutum</span> <span class='ocrx_word' id='word_1_62' title='bbox 596 1231 690 1298; x_wconf 87' lang='lat' dir='ltr'>officii</span> <span class='ocrx_word' id='word_1_63' title='bbox 710 1247 808 1314; x_wconf 85' lang='lat' dir='ltr'>partes</span> <span class='ocrx_word' id='word_1_64' title='bbox 825 1228 979 1314; x_wconf 76' lang='lat' dir='ltr'>persequi,</span> <span class='ocrx_word' id='word_1_65' title='bbox 992 1233 1047 1308; x_wconf 85' lang='lat' dir='ltr'>dt,</span> 
     </span>
     <span class='ocr_line' id='line_1_10' title="bbox 91 1325 1047 1412; baseline -0.002 -20"><span class='ocrx_word' id='word_1_66' title='bbox 91 1349 146 1412; x_wconf 87' lang='lat' dir='ltr'>pro</span> <span class='ocrx_word' id='word_1_67' title='bbox 162 1331 251 1397; x_wconf 86' lang='lat' dir='ltr'>variis</span> <span class='ocrx_word' id='word_1_68' title='bbox 264 1329 485 1395; x_wconf 84' lang='lat' dir='ltr'>conditionibus</span> <span class='ocrx_word' id='word_1_69' title='bbox 495 1331 745 1412; x_wconf 72' lang='lat' dir='ltr'>temporibusque</span> <span class='ocrx_word' id='word_1_70' title='bbox 753 1345 830 1410; x_wconf 83' lang='lat' dir='ltr'>quae</span> <span class='ocrx_word' id='word_1_71' title='bbox 839 1325 966 1392; x_wconf 85' lang='lat' dir='ltr'>incidere</span> <span class='ocrx_word' id='word_1_72' title='bbox 979 1325 1047 1410; x_wconf 78' lang='lat' dir='ltr'>pos·</span> 
     </span>
     <span class='ocr_line' id='line_1_11' title="bbox 91 1417 1049 1504; baseline -0.001 -20"><span class='ocrx_word' id='word_1_73' title='bbox 91 1421 176 1498; x_wconf 86' lang='lat' dir='ltr'>sunt,</span> <span class='ocrx_word' id='word_1_74' title='bbox 221 1425 228 1440; x_wconf 84' lang='lat'>‘</span> <span class='ocrx_word' id='word_1_75' title='bbox 266 1425 362 1488; x_wconf 88' lang='lat' dir='ltr'>uitere</span> <span class='ocrx_word' id='word_1_76' title='bbox 383 1423 488 1498; x_wconf 82' lang='lat' dir='ltr'>velie,</span> <span class='ocrx_word' id='word_1_77' title='bbox 514 1423 605 1504; x_wconf 75' lang='lat' dir='ltr'>quales</span> <span class='ocrx_word' id='word_1_78' title='bbox 625 1421 681 1484; x_wconf 83' lang='lat' dir='ltr'>fine</span> <span class='ocrx_word' id='word_1_79' title='bbox 704 1421 861 1497; x_wconf 75' lang='lat' dir='ltr'>affiones,</span> <span class='ocrx_word' id='word_1_80' title='bbox 887 1417 1049 1504; x_wconf 81' lang='lat' dir='ltr'>qualiaque</span> 
     </span>
     <span class='ocr_line' id='line_1_12' title="bbox 11 1511 1049 1596; baseline 0.001 -20"><span class='ocrx_word' id='word_1_81' title='bbox 11 1545 13 1554; x_wconf 88' lang='grc'><strong><em>·</em></strong></span> <span class='ocrx_word' id='word_1_82' title='bbox 89 1514 194 1594; x_wconf 76' lang='lat' dir='ltr'>agendi</span> <span class='ocrx_word' id='word_1_83' title='bbox 305 1515 351 1592; x_wconf 79' lang='grc' dir='ltr'>ἰ,</span> <span class='ocrx_word' id='word_1_84' title='bbox 371 1531 422 1576; x_wconf 81' lang='lat' dir='ltr'>aut</span> <span class='ocrx_word' id='word_1_85' title='bbox 442 1531 521 1596; x_wconf 88' lang='lat' dir='ltr'>quae</span> <span class='ocrx_word' id='word_1_86' title='bbox 541 1515 630 1578; x_wconf 86' lang='lat' dir='ltr'>animi</span> <span class='ocrx_word' id='word_1_87' title='bbox 651 1511 848 1589; x_wconf 73' lang='lat' dir='ltr'>adfeuime,</span> <span class='ocrx_word' id='word_1_88' title='bbox 872 1529 952 1596; x_wconf 84' lang='lat' dir='ltr'>quae</span> <span class='ocrx_word' id='word_1_89' title='bbox 969 1511 1049 1578; x_wconf 84' lang='lat' dir='ltr'>bane</span> 
     </span>
     <span class='ocr_line' id='line_1_13' title="bbox 90 1603 1048 1684; baseline 0 -15"><span class='ocrx_word' id='word_1_90' title='bbox 90 1608 153 1670; x_wconf 85' lang='lat' dir='ltr'>vim</span> <span class='ocrx_word' id='word_1_91' title='bbox 168 1607 320 1684; x_wconf 76' lang='lat' dir='ltr'>habeant,</span> <span class='ocrx_word' id='word_1_92' title='bbox 339 1623 373 1672; x_wconf 90' lang='lat' dir='ltr'>ut</span> <span class='ocrx_word' id='word_1_93' title='bbox 393 1607 478 1672; x_wconf 78' lang='lat' dir='ltr'>idum</span> <span class='ocrx_word' id='word_1_94' title='bbox 497 1607 611 1673; x_wconf 83' lang='lat' dir='ltr'>sensum</span> <span class='ocrx_word' id='word_1_95' title='bbox 633 1607 783 1682; x_wconf 75' lang='lat' dir='ltr'>nostrum,</span> <span class='ocrx_word' id='word_1_96' title='bbox 806 1605 869 1670; x_wconf 78' lang='lat' dir='ltr'>five</span> <span class='ocrx_word' id='word_1_97' title='bbox 889 1603 1048 1669; x_wconf 71' lang='lat' dir='ltr'>honestatis</span> 
     </span>
     <span class='ocr_line' id='line_1_14' title="bbox 89 1699 1049 1784; baseline 0.001 -22"><span class='ocrx_word' id='word_1_98' title='bbox 89 1701 354 1784; x_wconf 83' lang='lat' dir='ltr'>comprobatione,</span> <span class='ocrx_word' id='word_1_99' title='bbox 374 1699 437 1764; x_wconf 82' lang='lat' dir='ltr'>five</span> <span class='ocrx_word' id='word_1_100' title='bbox 465 1703 655 1784; x_wconf 86' lang='lat' dir='ltr'>turpitudinis</span> <span class='ocrx_word' id='word_1_101' title='bbox 675 1699 857 1778; x_wconf 78' lang='lat' dir='ltr'>offeafiorte,</span> <span class='ocrx_word' id='word_1_102' title='bbox 880 1699 966 1764; x_wconf 84' lang='lat' dir='ltr'>tatio</span> <span class='ocrx_word' id='word_1_103' title='bbox 983 1715 1049 1764; x_wconf 80' lang='lat' dir='ltr'>mo·</span> 
     </span>
     <span class='ocr_line' id='line_1_15' title="bbox 88 1789 1045 1882; baseline 0.002 -26"><span class='ocrx_word' id='word_1_104' title='bbox 88 1789 149 1868; x_wconf 87' lang='lat' dir='ltr'>dn,</span> <span class='ocrx_word' id='word_1_105' title='bbox 164 1812 200 1857; x_wconf 87' lang='lat' dir='ltr'>ac</span> <span class='ocrx_word' id='word_1_106' title='bbox 213 1795 302 1858; x_wconf 86' lang='lat' dir='ltr'>vario</span> <span class='ocrx_word' id='word_1_107' title='bbox 311 1793 479 1859; x_wconf 80' lang='lat' dir='ltr'>inteufiooie</span> <span class='ocrx_word' id='word_1_108' title='bbox 488 1795 596 1877; x_wconf 79' lang='lat' dir='ltr'>gradu,</span> <span class='ocrx_word' id='word_1_109' title='bbox 617 1813 761 1859; x_wconf 86' lang='lat' dir='ltr'>moveant</span> <span class='ocrx_word' id='word_1_110' title='bbox 773 1813 863 1878; x_wconf 88' lang='lat' dir='ltr'>atque</span> <span class='ocrx_word' id='word_1_111' title='bbox 873 1793 1045 1882; x_wconf 83' lang='lat' dir='ltr'>percellant.</span> 
     </span>
     <span class='ocr_line' id='line_1_16' title="bbox 87 1885 1048 1970; baseline -0.002 -20"><span class='ocrx_word' id='word_1_112' title='bbox 87 1885 200 1951; x_wconf 86' lang='lat' dir='ltr'>lterum</span> <span class='ocrx_word' id='word_1_113' title='bbox 213 1885 284 1954; x_wconf 80' lang='lat' dir='ltr'>illud</span> <span class='ocrx_word' id='word_1_114' title='bbox 300 1888 414 1964; x_wconf 80' lang='lat' dir='ltr'>video,</span> <span class='ocrx_word' id='word_1_115' title='bbox 432 1885 534 1970; x_wconf 73' lang='lat' dir='ltr'>niquis</span> <span class='ocrx_word' id='word_1_116' title='bbox 550 1887 665 1952; x_wconf 70' lang='lat' dir='ltr'>sedulus</span> <span class='ocrx_word' id='word_1_117' title='bbox 684 1889 834 1954; x_wconf 83' lang='lat' dir='ltr'>humanae</span> <span class='ocrx_word' id='word_1_118' title='bbox 848 1903 971 1952; x_wconf 75' lang='lat' dir='ltr'>natum</span> <span class='ocrx_word' id='word_1_119' title='bbox 990 1887 1048 1949; x_wconf 90' lang='lat' dir='ltr'>ob·</span> 
     </span>
     <span class='ocr_line' id='line_1_17' title="bbox 86 1975 1046 2064; baseline -0.003 -20"><span class='ocrx_word' id='word_1_120' title='bbox 86 1979 237 2056; x_wconf 69' lang='lat' dir='ltr'>servam,</span> <span class='ocrx_word' id='word_1_121' title='bbox 262 1975 467 2043; x_wconf 77' lang='lat' dir='ltr'>iiSntlattrue</span> <span class='ocrx_word' id='word_1_122' title='bbox 487 1980 612 2062; x_wconf 81' lang='lat' dir='ltr'>aliquis,</span> <span class='ocrx_word' id='word_1_123' title='bbox 630 1998 752 2064; x_wconf 85' lang='lat' dir='ltr'>operam</span> <span class='ocrx_word' id='word_1_124' title='bbox 765 1977 845 2042; x_wconf 82' lang='lat' dir='ltr'>suant</span> <span class='ocrx_word' id='word_1_125' title='bbox 858 1979 1046 2059; x_wconf 73' lang='lat' dir='ltr'>{indumque</span> 
     </span>
     <span class='ocr_line' id='line_1_18' title="bbox 88 2069 1046 2157; baseline 0 -25"><span class='ocrx_word' id='word_1_126' title='bbox 88 2071 119 2132; x_wconf 87' lang='lat' dir='ltr'>in</span> <span class='ocrx_word' id='word_1_127' title='bbox 130 2091 169 2136; x_wconf 89' lang='lat' dir='ltr'>eo</span> <span class='ocrx_word' id='word_1_128' title='bbox 184 2089 298 2157; x_wconf 83' lang='lat' dir='ltr'>ponat,</span> <span class='ocrx_word' id='word_1_129' title='bbox 316 2087 351 2134; x_wconf 89' lang='lat' dir='ltr'>ut</span> <span class='ocrx_word' id='word_1_130' title='bbox 364 2070 503 2136; x_wconf 80' lang='lat' dir='ltr'>observet</span> <span class='ocrx_word' id='word_1_131' title='bbox 516 2073 714 2155; x_wconf 64' lang='lat' dir='ltr'>admotaque,</span> <span class='ocrx_word' id='word_1_132' title='bbox 727 2089 817 2154; x_wconf 79' lang='lat' dir='ltr'>quam</span> <span class='ocrx_word' id='word_1_133' title='bbox 832 2073 932 2141; x_wconf 80' lang='lat' dir='ltr'>varias</span> <span class='ocrx_word' id='word_1_134' title='bbox 941 2071 971 2134; x_wconf 90' lang='lat' dir='ltr'>in</span> <span class='ocrx_word' id='word_1_135' title='bbox 982 2069 1046 2132; x_wconf 81' lang='lat' dir='ltr'>ior·</span> 
     </span>
     <span class='ocr_line' id='line_1_19' title="bbox 87 2162 1044 2248; baseline 0.002 -22"><span class='ocrx_word' id='word_1_136' title='bbox 87 2183 151 2227; x_wconf 86' lang='lat' dir='ltr'>mas</span> <span class='ocrx_word' id='word_1_137' title='bbox 167 2163 252 2248; x_wconf 79' lang='lat' dir='ltr'>quafi</span> <span class='ocrx_word' id='word_1_138' title='bbox 265 2163 401 2229; x_wconf 75' lang='lat' dir='ltr'>fledatur</span> <span class='ocrx_word' id='word_1_139' title='bbox 418 2167 532 2230; x_wconf 84' lang='lat' dir='ltr'>animus</span> <span class='ocrx_word' id='word_1_140' title='bbox 547 2165 676 2232; x_wconf 83' lang='lat' dir='ltr'>hominis</span> <span class='ocrx_word' id='word_1_141' title='bbox 695 2169 727 2230; x_wconf 89' lang='lat' dir='ltr'>in</span> <span class='ocrx_word' id='word_1_142' title='bbox 744 2163 947 2232; x_wconf 74' lang='lat' dir='ltr'>venetenses</span> <span class='ocrx_word' id='word_1_143' title='bbox 963 2162 1044 2228; x_wconf 79' lang='lat' dir='ltr'>iiiios</span> 
     </span>
     <span class='ocr_line' id='line_1_20' title="bbox 11 2258 1043 2345; baseline 0.001 -22"><span class='ocrx_word' id='word_1_144' title='bbox 11 2281 13 2332; x_wconf 71' lang='lat' dir='ltr'>i</span> <span class='ocrx_word' id='word_1_145' title='bbox 88 2258 207 2323; x_wconf 76' lang='lat' dir='ltr'>moniis</span> <span class='ocrx_word' id='word_1_146' title='bbox 230 2260 506 2338; x_wconf 80' lang='lat' dir='ltr'>commotionibus,</span> <span class='ocrx_word' id='word_1_147' title='bbox 535 2260 748 2345; x_wconf 77' lang='lat' dir='ltr'>distinguatque</span> <span class='ocrx_word' id='word_1_148' title='bbox 768 2261 849 2324; x_wconf 85' lang='lat' dir='ltr'>vatia</span> <span class='ocrx_word' id='word_1_149' title='bbox 870 2277 973 2328; x_wconf 79' lang='lat' dir='ltr'>earum</span> <span class='ocrx_word' id='word_1_150' title='bbox 992 2279 1043 2324; x_wconf 89' lang='lat' dir='ltr'>re-</span> 
     </span>
    </p>

    <p class='ocr_par' dir='ltr' id='par_1_3' title="bbox 88 2351 1043 2438">
     <span class='ocr_line' id='line_1_21' title="bbox 88 2351 1043 2438; baseline 0.004 -26"><span class='ocrx_word' id='word_1_151' title='bbox 88 2371 172 2430; x_wconf 87' lang='lat' dir='ltr'>tum,</span> <span class='ocrx_word' id='word_1_152' title='bbox 186 2371 266 2435; x_wconf 89' lang='lat' dir='ltr'>quae</span> <span class='ocrx_word' id='word_1_153' title='bbox 283 2351 313 2414; x_wconf 91' lang='lat' dir='ltr'>in</span> <span class='ocrx_word' id='word_1_154' title='bbox 324 2351 384 2434; x_wconf 87' lang='lat' dir='ltr'>ipsa</span> <span class='ocrx_word' id='word_1_155' title='bbox 396 2373 494 2418; x_wconf 89' lang='lat' dir='ltr'>mente</span> <span class='ocrx_word' id='word_1_156' title='bbox 505 2355 602 2420; x_wconf 77' lang='lat' dir='ltr'>nostra</span> <span class='ocrx_word' id='word_1_157' title='bbox 611 2371 765 2438; x_wconf 77' lang='lat' dir='ltr'>geruntur,</span> <span class='ocrx_word' id='word_1_158' title='bbox 782 2372 952 2430; x_wconf 83' lang='lat' dir='ltr'>momenta,</span> <span class='ocrx_word' id='word_1_159' title='bbox 972 2355 1043 2436; x_wconf 82' lang='lat' dir='ltr'>qui-</span> 
     </span>
    </p>

    <p class='ocr_par' dir='ltr' id='par_1_4' title="bbox 59 2444 1043 3836">
     <span class='ocr_line' id='line_1_22' title="bbox 87 2444 1042 2533; baseline 0.006 -27"><span class='ocrx_word' id='word_1_160' title='bbox 87 2444 141 2511; x_wconf 86' lang='lat' dir='ltr'>bus</span> <span class='ocrx_word' id='word_1_161' title='bbox 153 2449 400 2512; x_wconf 82' lang='lat' dir='ltr'>concurrentibus</span> <span class='ocrx_word' id='word_1_162' title='bbox 413 2453 444 2515; x_wconf 84' lang='lat' dir='ltr'>dt</span> <span class='ocrx_word' id='word_1_163' title='bbox 456 2451 533 2516; x_wconf 89' lang='lat' dir='ltr'>inter</span> <span class='ocrx_word' id='word_1_164' title='bbox 545 2450 574 2515; x_wconf 86' lang='lat' dir='ltr'>se</span> <span class='ocrx_word' id='word_1_165' title='bbox 589 2451 695 2517; x_wconf 73' lang='lat' dir='ltr'>iuuflis</span> <span class='ocrx_word' id='word_1_166' title='bbox 711 2449 829 2514; x_wconf 76' lang='lat' dir='ltr'>exsistat</span> <span class='ocrx_word' id='word_1_167' title='bbox 839 2451 963 2533; x_wconf 81' lang='lat' dir='ltr'>quaevis</span> <span class='ocrx_word' id='word_1_168' title='bbox 978 2451 1042 2512; x_wconf 88' lang='lat' dir='ltr'>sen·</span> 
     </span>
     <span class='ocr_line' id='line_1_23' title="bbox 85 2537 1043 2632; baseline 0.009 -33"><span class='ocrx_word' id='word_1_169' title='bbox 85 2537 134 2600; x_wconf 80' lang='lat' dir='ltr'>sus</span> <span class='ocrx_word' id='word_1_170' title='bbox 147 2541 226 2606; x_wconf 84' lang='lat' dir='ltr'>illius</span> <span class='ocrx_word' id='word_1_171' title='bbox 243 2546 396 2625; x_wconf 80' lang='lat' dir='ltr'>perceptio</span> <span class='ocrx_word' id='word_1_172' title='bbox 412 2562 502 2627; x_wconf 86' lang='lat' dir='ltr'>atque</span> <span class='ocrx_word' id='word_1_173' title='bbox 517 2547 673 2622; x_wconf 71' lang='lat' dir='ltr'>iudicione</span> <span class='ocrx_word' id='word_1_174' title='bbox 687 2547 794 2622; x_wconf 84' lang='lat' dir='ltr'>video,</span> <span class='ocrx_word' id='word_1_175' title='bbox 806 2547 943 2632; x_wconf 90' lang='lat' dir='ltr'>inquam,</span> <span class='ocrx_word' id='word_1_176' title='bbox 960 2543 1043 2628; x_wconf 82' lang='lat' dir='ltr'>poffe</span> 
     </span>
     <span class='ocr_line' id='line_1_24' title="bbox 85 2629 1041 2723; baseline 0.012 -31"><span class='ocrx_word' id='word_1_177' title='bbox 85 2629 162 2694; x_wconf 84' lang='lat' dir='ltr'>hunc</span> <span class='ocrx_word' id='word_1_178' title='bbox 185 2633 278 2696; x_wconf 85' lang='lat' dir='ltr'>multa</span> <span class='ocrx_word' id='word_1_179' title='bbox 292 2635 425 2718; x_wconf 84' lang='lat' dir='ltr'>aperire,</span> <span class='ocrx_word' id='word_1_180' title='bbox 444 2657 521 2718; x_wconf 88' lang='lat' dir='ltr'>quae</span> <span class='ocrx_word' id='word_1_181' title='bbox 542 2639 592 2702; x_wconf 81' lang='lat' dir='ltr'>vei</span> <span class='ocrx_word' id='word_1_182' title='bbox 613 2637 741 2721; x_wconf 72' lang='lat' dir='ltr'>fugerint</span> <span class='ocrx_word' id='word_1_183' title='bbox 762 2639 829 2703; x_wconf 85' lang='lat' dir='ltr'>ilioe</span> <span class='ocrx_word' id='word_1_184' title='bbox 848 2637 1041 2723; x_wconf 79' lang='lat' dir='ltr'>philosophos</span> 
     </span>
     <span class='ocr_line' id='line_1_25' title="bbox 85 2724 1042 2814; baseline 0.007 -29"><span class='ocrx_word' id='word_1_185' title='bbox 85 2724 133 2806; x_wconf 91' lang='lat' dir='ltr'>qui</span> <span class='ocrx_word' id='word_1_186' title='bbox 145 2727 433 2810; x_wconf 80' lang='lat' dir='ltr'>contemplationum</span> <span class='ocrx_word' id='word_1_187' title='bbox 445 2728 564 2798; x_wconf 83' lang='lat' dir='ltr'>suarum</span> <span class='ocrx_word' id='word_1_188' title='bbox 574 2728 780 2794; x_wconf 80' lang='lat' dir='ltr'>cursumistant</span> <span class='ocrx_word' id='word_1_189' title='bbox 790 2731 820 2792; x_wconf 90' lang='lat' dir='ltr'>in</span> <span class='ocrx_word' id='word_1_190' title='bbox 832 2749 945 2814; x_wconf 84' lang='lat' dir='ltr'>partem</span> <span class='ocrx_word' id='word_1_191' title='bbox 955 2751 1042 2795; x_wconf 87' lang='lat' dir='ltr'>num·</span> 
     </span>
     <span class='ocr_line' id='line_1_26' title="bbox 86 2821 1043 2908; baseline 0.008 -27"><span class='ocrx_word' id='word_1_192' title='bbox 86 2839 173 2900; x_wconf 85' lang='lat' dir='ltr'>quam</span> <span class='ocrx_word' id='word_1_193' title='bbox 185 2821 365 2895; x_wconf 83' lang='lat' dir='ltr'>direxerint,</span> <span class='ocrx_word' id='word_1_194' title='bbox 385 2823 435 2887; x_wconf 85' lang='lat' dir='ltr'>vei</span> <span class='ocrx_word' id='word_1_195' title='bbox 453 2843 529 2907; x_wconf 86' lang='lat' dir='ltr'>quae</span> <span class='ocrx_word' id='word_1_196' title='bbox 540 2843 596 2907; x_wconf 92' lang='lat' dir='ltr'>pro</span> <span class='ocrx_word' id='word_1_197' title='bbox 613 2823 709 2888; x_wconf 87' lang='lat' dir='ltr'>dubiis</span> <span class='ocrx_word' id='word_1_198' title='bbox 726 2837 779 2886; x_wconf 89' lang='lat' dir='ltr'>aut</span> <span class='ocrx_word' id='word_1_199' title='bbox 799 2842 900 2908; x_wconf 83' lang='lat' dir='ltr'>patum</span> <span class='ocrx_word' id='word_1_200' title='bbox 915 2826 1043 2889; x_wconf 82' lang='lat' dir='ltr'>adcura-</span> 
     </span>
     <span class='ocr_line' id='line_1_27' title="bbox 84 2914 1042 3000; baseline -0.006 -16"><span class='ocrx_word' id='word_1_201' title='bbox 84 2929 115 2984; x_wconf 85' lang='lat' dir='ltr'>te</span> <span class='ocrx_word' id='word_1_202' title='bbox 126 2914 229 2994; x_wconf 64' lang='lat' dir='ltr'>positis</span> <span class='ocrx_word' id='word_1_203' title='bbox 245 2915 407 2979; x_wconf 85' lang='lat' dir='ltr'>habeantur</span> <span class='ocrx_word' id='word_1_204' title='bbox 425 2919 463 2979; x_wconf 87' lang='lat' dir='ltr'>ab</span> <span class='ocrx_word' id='word_1_205' title='bbox 478 2919 541 2994; x_wconf 88' lang='lat' dir='ltr'>his,</span> <span class='ocrx_word' id='word_1_206' title='bbox 562 2919 634 3000; x_wconf 88' lang='lat' dir='ltr'>qui,</span> <span class='ocrx_word' id='word_1_207' title='bbox 650 2917 711 2982; x_wconf 83' lang='lat' dir='ltr'>stve</span> <span class='ocrx_word' id='word_1_208' title='bbox 728 2917 783 2981; x_wconf 78' lang='lat' dir='ltr'>alii</span> <span class='ocrx_word' id='word_1_209' title='bbox 795 2919 921 3000; x_wconf 81' lang='lat' dir='ltr'>quedam</span> <span class='ocrx_word' id='word_1_210' title='bbox 939 2917 991 2982; x_wconf 73' lang='lat' dir='ltr'>vii</span> <span class='ocrx_word' id='word_1_211' title='bbox 1004 2916 1042 2978; x_wconf 88' lang='lat' dir='ltr'>ad</span> 
     </span>
     <span class='ocr_line' id='line_1_28' title="bbox 59 3009 1043 3092; baseline -0.008 -13"><span class='ocrx_word' id='word_1_212' title='bbox 59 3022 64 3031; x_wconf 85' lang='lat'>&#39;</span> <span class='ocrx_word' id='word_1_213' title='bbox 86 3027 205 3078; x_wconf 70' lang='lat' dir='ltr'>umen</span> <span class='ocrx_word' id='word_1_214' title='bbox 227 3009 303 3080; x_wconf 75' lang='lat' dir='ltr'>itud</span> <span class='ocrx_word' id='word_1_215' title='bbox 321 3009 460 3092; x_wconf 75' lang='lat' dir='ltr'>ingredi,</span> <span class='ocrx_word' id='word_1_216' title='bbox 488 3011 554 3074; x_wconf 77' lang='lat' dir='ltr'>sive</span> <span class='ocrx_word' id='word_1_217' title='bbox 571 3011 672 3076; x_wconf 80' lang='lat' dir='ltr'>eddenr</span> <span class='ocrx_word' id='word_1_218' title='bbox 695 3013 767 3084; x_wconf 78' lang='lat' dir='ltr'>vid,</span> <span class='ocrx_word' id='word_1_219' title='bbox 790 3011 840 3074; x_wconf 86' lang='lat' dir='ltr'>sed</span> <span class='ocrx_word' id='word_1_220' title='bbox 860 3010 969 3074; x_wconf 86' lang='lat' dir='ltr'>minori</span> <span class='ocrx_word' id='word_1_221' title='bbox 989 3026 1043 3072; x_wconf 86' lang='lat' dir='ltr'>aut</span> 
     </span>
     <span class='ocr_line' id='line_1_29' title="bbox 85 3100 1043 3186; baseline 0 -20"><span class='ocrx_word' id='word_1_222' title='bbox 85 3104 188 3166; x_wconf 84' lang='lat' dir='ltr'>maiori</span> <span class='ocrx_word' id='word_1_223' title='bbox 205 3101 286 3168; x_wconf 85' lang='lat' dir='ltr'>forte</span> <span class='ocrx_word' id='word_1_224' title='bbox 303 3105 440 3168; x_wconf 85' lang='lat' dir='ltr'>acumine</span> <span class='ocrx_word' id='word_1_225' title='bbox 453 3105 485 3170; x_wconf 74' lang='lat' dir='ltr'>u</span> <span class='ocrx_word' id='word_1_226' title='bbox 498 3104 669 3186; x_wconf 71' lang='lat' dir='ltr'>diligentia,</span> <span class='ocrx_word' id='word_1_227' title='bbox 683 3105 850 3167; x_wconf 85' lang='lat' dir='ltr'>incedentes</span> <span class='ocrx_word' id='word_1_228' title='bbox 861 3147 872 3176; x_wconf 92' lang='lat'><strong>‚</strong></span> <span class='ocrx_word' id='word_1_229' title='bbox 882 3100 961 3164; x_wconf 86' lang='lat' dir='ltr'>aliud</span> <span class='ocrx_word' id='word_1_230' title='bbox 972 3101 1043 3185; x_wconf 84' lang='lat' dir='ltr'>quid</span> 
     </span>
     <span class='ocr_line' id='line_1_30' title="bbox 85 3195 1040 3278; baseline 0.001 -21"><span class='ocrx_word' id='word_1_231' title='bbox 85 3195 137 3258; x_wconf 84' lang='lat' dir='ltr'>fibi</span> <span class='ocrx_word' id='word_1_232' title='bbox 150 3195 291 3262; x_wconf 73' lang='lat' dir='ltr'>invenite</span> <span class='ocrx_word' id='word_1_233' title='bbox 302 3197 470 3261; x_wconf 87' lang='lat' dir='ltr'>videantur.</span> <span class='ocrx_word' id='word_1_234' title='bbox 491 3196 549 3262; x_wconf 83' lang='lat' dir='ltr'>Sed</span> <span class='ocrx_word' id='word_1_235' title='bbox 559 3195 619 3277; x_wconf 85' lang='lat' dir='ltr'>ipsa</span> <span class='ocrx_word' id='word_1_236' title='bbox 633 3195 682 3260; x_wconf 80' lang='lat' dir='ltr'>ula</span> <span class='ocrx_word' id='word_1_237' title='bbox 692 3195 822 3256; x_wconf 57' lang='lat' dir='ltr'>nennio</span> <span class='ocrx_word' id='word_1_238' title='bbox 831 3195 890 3256; x_wconf 70' lang='lat' dir='ltr'>retii</span> <span class='ocrx_word' id='word_1_239' title='bbox 903 3197 933 3258; x_wconf 83' lang='lat' dir='ltr'>dr</span> <span class='ocrx_word' id='word_1_240' title='bbox 942 3195 1040 3278; x_wconf 80' lang='lat' dir='ltr'>previ,</span> 
     </span>
     <span class='ocr_line' id='line_1_31' title="bbox 85 3289 1040 3376; baseline 0.001 -23"><span class='ocrx_word' id='word_1_241' title='bbox 85 3293 197 3376; x_wconf 72' lang='lat' dir='ltr'>donasti,</span> <span class='ocrx_word' id='word_1_242' title='bbox 213 3293 319 3373; x_wconf 73' lang='lat' dir='ltr'>turpis,</span> <span class='ocrx_word' id='word_1_243' title='bbox 336 3291 425 3364; x_wconf 84' lang='lat' dir='ltr'>iuris,</span> <span class='ocrx_word' id='word_1_244' title='bbox 444 3291 582 3363; x_wconf 83' lang='lat' dir='ltr'>iniuriae,</span> <span class='ocrx_word' id='word_1_245' title='bbox 598 3289 704 3358; x_wconf 64' lang='lat' dir='ltr'>moralia</span> <span class='ocrx_word' id='word_1_246' title='bbox 716 3289 779 3350; x_wconf 80' lang='lat' dir='ltr'>boni</span> <span class='ocrx_word' id='word_1_247' title='bbox 790 3306 867 3376; x_wconf 73' lang='lat' dir='ltr'>atque</span> <span class='ocrx_word' id='word_1_248' title='bbox 876 3289 959 3366; x_wconf 83' lang='lat' dir='ltr'>ntalt&#39;,</span> <span class='ocrx_word' id='word_1_249' title='bbox 974 3291 1040 3356; x_wconf 67' lang='lat' dir='ltr'>eiua</span> 
     </span>
     <span class='ocr_line' id='line_1_32' title="bbox 83 3379 1041 3470; baseline -0.001 -23"><span class='ocrx_word' id='word_1_250' title='bbox 83 3391 154 3465; x_wconf 81' lang='lat' dir='ltr'>quod</span> <span class='ocrx_word' id='word_1_251' title='bbox 171 3384 277 3470; x_wconf 79' lang='lat' dir='ltr'>officio,</span> <span class='ocrx_word' id='word_1_252' title='bbox 297 3387 369 3463; x_wconf 85' lang='lat' dir='ltr'>quod</span> <span class='ocrx_word' id='word_1_253' title='bbox 389 3405 462 3444; x_wconf 81' lang='lat' dir='ltr'>verae</span> <span class='ocrx_word' id='word_1_254' title='bbox 480 3384 646 3465; x_wconf 79' lang='lat' dir='ltr'>pmpriaeqae</span> <span class='ocrx_word' id='word_1_255' title='bbox 668 3379 783 3446; x_wconf 72' lang='lat' dir='ltr'>hominis</span> <span class='ocrx_word' id='word_1_256' title='bbox 798 3383 924 3468; x_wconf 70' lang='lat' dir='ltr'>dignitati</span> <span class='ocrx_word' id='word_1_257' title='bbox 932 3431 944 3460; x_wconf 90' lang='lat'>,</span> <span class='ocrx_word' id='word_1_258' title='bbox 966 3387 1041 3466; x_wconf 79' lang='lat' dir='ltr'>quod</span> 
     </span>
     <span class='ocr_line' id='line_1_33' title="bbox 83 3475 1037 3561; baseline -0.001 -20"><span class='ocrx_word' id='word_1_259' title='bbox 83 3480 132 3554; x_wconf 88' lang='lat' dir='ltr'>ei,</span> <span class='ocrx_word' id='word_1_260' title='bbox 158 3497 219 3560; x_wconf 89' lang='lat' dir='ltr'>qua</span> <span class='ocrx_word' id='word_1_261' title='bbox 243 3475 349 3540; x_wconf 79' lang='lat' dir='ltr'>naturd</span> <span class='ocrx_word' id='word_1_262' title='bbox 373 3475 501 3540; x_wconf 74' lang='lat' dir='ltr'>obstrieii</span> <span class='ocrx_word' id='word_1_263' title='bbox 520 3475 644 3556; x_wconf 83' lang='lat' dir='ltr'>sumus,</span> <span class='ocrx_word' id='word_1_264' title='bbox 669 3477 823 3561; x_wconf 67' lang='lat' dir='ltr'>iungebat·</span> <span class='ocrx_word' id='word_1_265' title='bbox 842 3479 1037 3558; x_wconf 75' lang='lat' dir='ltr'>consentaneum</span> 
     </span>
     <span class='ocr_line' id='line_1_34' title="bbox 82 3567 1040 3652; baseline 0 -20"><span class='ocrx_word' id='word_1_266' title='bbox 82 3573 210 3646; x_wconf 71' lang='lat' dir='ltr'>dudm,</span> <span class='ocrx_word' id='word_1_267' title='bbox 233 3572 332 3632; x_wconf 69' lang='lat' dir='ltr'>&amp;nite</span> <span class='ocrx_word' id='word_1_268' title='bbox 349 3570 476 3652; x_wconf 74' lang='lat' dir='ltr'>quoditie</span> <span class='ocrx_word' id='word_1_269' title='bbox 496 3570 651 3633; x_wconf 76' lang='lat' dir='ltr'>eontrarium</span> <span class='ocrx_word' id='word_1_270' title='bbox 670 3573 797 3647; x_wconf 52' lang='lat' dir='ltr'>heieu&amp;</span> <span class='ocrx_word' id='word_1_271' title='bbox 822 3569 886 3632; x_wconf 77' lang='lat' dir='ltr'>five</span> <span class='ocrx_word' id='word_1_272' title='bbox 898 3587 959 3650; x_wconf 81' lang='lat' dir='ltr'>qua</span> <span class='ocrx_word' id='word_1_273' title='bbox 971 3567 1040 3632; x_wconf 79' lang='lat' dir='ltr'>sunt</span> 
     </span>
     <span class='ocr_line' id='line_1_35' title="bbox 80 3655 1038 3742; baseline -0.005 -17"><span class='ocrx_word' id='word_1_274' title='bbox 80 3662 137 3725; x_wconf 86' lang='lat' dir='ltr'>alia</span> <span class='ocrx_word' id='word_1_275' title='bbox 151 3663 244 3726; x_wconf 83' lang='lat' dir='ltr'>verba</span> <span class='ocrx_word' id='word_1_276' title='bbox 253 3706 264 3738; x_wconf 94' lang='lat'>‚</span> <span class='ocrx_word' id='word_1_277' title='bbox 281 3658 393 3742; x_wconf 82' lang='lat' dir='ltr'>quibus</span> <span class='ocrx_word' id='word_1_278' title='bbox 410 3658 461 3720; x_wconf 89' lang='lat' dir='ltr'>vel</span> <span class='ocrx_word' id='word_1_279' title='bbox 480 3676 567 3722; x_wconf 91' lang='lat' dir='ltr'>vetus</span> <span class='ocrx_word' id='word_1_280' title='bbox 585 3659 702 3723; x_wconf 84' lang='lat' dir='ltr'>Latium</span> <span class='ocrx_word' id='word_1_281' title='bbox 723 3659 772 3720; x_wconf 88' lang='lat' dir='ltr'>vel</span> <span class='ocrx_word' id='word_1_282' title='bbox 789 3656 941 3720; x_wconf 89' lang='lat' dir='ltr'>recentior</span> <span class='ocrx_word' id='word_1_283' title='bbox 958 3655 1038 3721; x_wconf 85' lang='lat' dir='ltr'>latini</span> 
     </span>
     <span class='ocr_line' id='line_1_36' title="bbox 80 3749 1039 3836; baseline -0.002 -18"><span class='ocrx_word' id='word_1_284' title='bbox 80 3754 226 3826; x_wconf 65' lang='lat' dir='ltr'>immonis</span> <span class='ocrx_word' id='word_1_285' title='bbox 251 3751 321 3830; x_wconf 89' lang='lat' dir='ltr'>usus</span> <span class='ocrx_word' id='word_1_286' title='bbox 336 3749 484 3836; x_wconf 83' lang='lat' dir='ltr'>defignare</span> <span class='ocrx_word' id='word_1_287' title='bbox 502 3753 549 3829; x_wconf 87' lang='lat' dir='ltr'>id,</span> <span class='ocrx_word' id='word_1_288' title='bbox 568 3753 650 3836; x_wconf 89' lang='lat' dir='ltr'>quod</span> <span class='ocrx_word' id='word_1_289' title='bbox 670 3752 764 3828; x_wconf 83' lang='lat' dir='ltr'>volo,</span> <span class='ocrx_word' id='word_1_290' title='bbox 782 3749 888 3831; x_wconf 67' lang='lat' dir='ltr'>solean</span> <span class='ocrx_word' id='word_1_291' title='bbox 908 3767 972 3816; x_wconf 85' lang='lat' dir='ltr'>tota</span> <span class='ocrx_word' id='word_1_292' title='bbox 985 3749 1039 3815; x_wconf 80' lang='lat' dir='ltr'>ista</span> 
     </span>
    </p>
   </div>
   <div class='ocr_carea' id='block_1_3' title="bbox 81 3843 1041 3943">
    <p class='ocr_par' dir='ltr' id='par_1_5' title="bbox 81 3843 1041 3943">
     <span class='ocr_line' id='line_1_37' title="bbox 81 3843 1041 3943; baseline -0.002 -29"><span class='ocrx_word' id='word_1_293' title='bbox 81 3847 253 3934; x_wconf 73' lang='lat' dir='ltr'>distinctio,</span> <span class='ocrx_word' id='word_1_294' title='bbox 269 3845 406 3943; x_wconf 67' lang='lat' dir='ltr'>iuquam,¹</span> <span class='ocrx_word' id='word_1_295' title='bbox 427 3847 492 3913; x_wconf 84' lang='lat' dir='ltr'>talis</span> <span class='ocrx_word' id='word_1_296' title='bbox 508 3847 645 3927; x_wconf 84' lang='lat' dir='ltr'>videtur,</span> <span class='ocrx_word' id='word_1_297' title='bbox 674 3862 707 3912; x_wconf 86' lang='lat' dir='ltr'>ut</span> <span class='ocrx_word' id='word_1_298' title='bbox 725 3845 853 3928; x_wconf 85' lang='lat' dir='ltr'>nemini,</span> <span class='ocrx_word' id='word_1_299' title='bbox 873 3847 926 3936; x_wconf 88' lang='lat' dir='ltr'>qui</span> <span class='ocrx_word' id='word_1_300' title='bbox 940 3843 991 3916; x_wconf 81' lang='lat' dir='ltr'>rei</span> <span class='ocrx_word' id='word_1_301' title='bbox 1008 3843 1041 3915; x_wconf 81' lang='lat' dir='ltr'>se</span> 
     </span>
    </p>
   </div>
   <div class='ocr_carea' id='block_1_4' title="bbox 0 0 1336 4742">
    <p class='ocr_par' dir='ltr' id='par_1_6' title="bbox 0 0 1336 4742">
     <span class='ocr_line' id='line_1_38' title="bbox 0 0 1336 4742; baseline 0 3"><span class='ocrx_word' id='word_1_302' title='bbox 0 0 1336 4742; x_wconf 95' lang='lat' dir='ltr'> </span> 
     </span>
    </p>
   </div>
  </div>
 </body>
</html>
