2664 4732
388 403 743 512 socnaats
985 425 1040 499 tn

75 511 164 640 pilae
178 552 317 618 utilitatis
338 553 538 638 despicatuut,
559 573 593 620 ut
618 554 727 620 studius
744 555 867 621 cunbloe
884 555 1042 640 quaestus-

72 665 156 730 que,
170 649 224 728 qui
241 661 279 709 ex
296 644 383 728 ipsius
394 643 540 730 disciplina
551 647 581 708 in
592 665 653 710 tem
668 645 749 710 suam
764 647 930 712 familiarem
945 649 1041 712 redire

71 731 261 824 potuissent,
279 738 449 803 constanter
463 739 657 803 declinaverit
676 739 938 823 detredarirqum
957 733 1040 818 lam,

73 835 162 920 porse
179 834 300 916 quidem
316 835 443 916 aliquem
460 833 594 896 veritatis
612 832 670 897 esse
688 832 799 898 sincere
813 833 983 913 studiosum,
1007 841 1042 903 dc

74 945 181 992 tamen
195 927 265 992 suae
278 927 445 1006 dodltinae,
462 925 567 990 ficum
580 927 646 998 aliis
656 945 722 990 eam
741 931 956 1009 communicet,
967 953 1044 996 mer·

74 1023 181 1088 cedern
208 1024 365 1105 quamdam
391 1020 582 1104 studiumque
603 1039 730 1105 capere,
756 1023 798 1084 ita
822 1039 855 1086 ut
875 1043 1041 1106 aequorum

74 1111 216 1182 omnium
243 1118 398 1182 hominum
417 1117 531 1182 iudicio
553 1117 631 1182 reble
652 1135 740 1200 agere
761 1116 931 1196 censeatur,
951 1139 1041 1189 nemo

74 1231 141 1275 uon
160 1209 326 1276 consessum
337 1203 399 1276 ibit.
425 1203 511 1293 'Quid
529 1213 606 1274 enim
622 1213 739 1275 ueritati
755 1212 858 1289 obell,
881 1212 904 1274 li
924 1215 954 1278 in
971 1233 1044 1294 eoa,

74 1307 130 1388 qui
151 1305 232 1368 illam
251 1305 398 1381 doceant,
420 1305 495 1387 grati
514 1305 599 1368 animi
614 1306 740 1390 pignota
757 1303 828 1368 inde
851 1295 1042 1370 deriventutl

77 1401 122 1461 At
146 1416 224 1461 veto
241 1396 380 1461 Socrates
400 1417 494 1480 quum
515 1396 649 1474 videret,
667 1389 825 1480 sophistas,
843 1397 1043 1480 quibustuae

75 1491 272 1557 abundabant
290 1492 448 1569 Athenae,
469 1487 592 1556 boresio
611 1493 742 1576 quodam
760 1490 927 1574 disciplinae
943 1491 1043 1556 bono-

75 1586 159 1649 ratio
174 1586 299 1648 minime
311 1602 486 1663 contentos,
509 1587 670 1651 immodico
692 1583 827 1670 quaesiui
845 1583 934 1649 unice
946 1585 1044 1647 inhia-

78 1701 130 1758 re,
158 1700 195 1746 ae
213 1682 393 1745 mercenaria
409 1679 527 1764 prorsus
546 1681 706 1772 seruilique
726 1682 841 1746 tatione
857 1679 988 1746 vendere
1006 1695 1041 1746 ao

78 1773 174 1837 veluti
197 1775 333 1838 venalem
352 1773 505 1842 mulierem
528 1771 691 1858 turpidimo
711 1790 843 1835 mercatu
866 1771 1042 1853 prostituere

76 1869 213 1932 iactatam
226 1867 306 1930 suam
319 1864 506 1951 sapientiam
522 1873 534 1928 t
553 1864 680 1948 ingenua
695 1863 901 1948 iuliiffimdque
913 1865 1043 1946 indigna·

77 1959 163 2022 tione
178 1957 333 2034 accensus,
354 1959 533 2022 contrariam
552 1955 641 2041 plane
659 1956 806 2020 viamsrbi
823 1958 1042 2040 ingrediendam

77 2055 222 2136 putavit,
249 2071 287 2114 ne
307 2047 510 2113 nobiliffimun
542 2049 633 2132 ipsius
656 2049 821 2112 institutum
840 2069 907 2113 cum
929 2049 1042 2132 pulcris
1116 2047 1123 2056 ’

78 2145 188 2208 Ιιοιιιιιι
206 2143 292 2226 nugis
309 2141 404 2223 vulgo
421 2137 674 2216 confunderetur,
697 2141 729 2203 dt
750 2137 874 2223 plutima
892 2159 960 2225 pars
972 2139 1041 2204 stu-

78 2238 180 2302 bluum
200 2257 238 2301 ex
255 2233 345 2318 ipsius
368 2233 518 2316 disciplina
545 2235 581 2298 ad
606 2234 779 2298 formandos
802 2227 954 2298 bominum
972 2237 1039 2298 ani-

78 2350 146 2397 moa
158 2331 369 2416 sperandorum
389 2331 511 2414 periret.
532 2329 636 2414 ltaque
651 2330 756 2394 mirum
772 2321 825 2394 libi
838 2331 930 2394 videri
942 2332 1038 2408 aient,
1066 2407 1070 2414 ,

76 2425 101 2488 fi
116 2429 141 2490 is
152 2473 162 2502 ,
175 2425 229 2508 qui
242 2424 366 2486 Virtutis
377 2423 555 2506 disciplinam
569 2421 775 2504 profiteretur,
790 2425 952 2488 mercedem
963 2443 1039 2506 ope-
1077 2493 1079 2498 ,

76 2533 130 2578 rae
149 2512 327 2598 exigemus
345 2515 419 2576 hanc
438 2511 490 2574 stbl
513 2507 606 2595 leg'em
629 2511 756 2594 sctipfit,
780 2531 834 2591 ut,
856 2513 937 2577 nulla
959 2513 1036 2576 inter

77 2609 213 2672 homines
229 2607 357 2690 speflatl
379 2605 570 2684 conditione,
592 2605 672 2668 nulla
688 2608 885 2689 exceptione,
903 2607 1040 2690 quicum·

76 2717 139 2784 que
156 2698 302 2762 desiderio
321 2698 439 2762 vinutis
462 2695 624 2760 noscendae
644 2697 846 2780 colendaeque
864 2716 1039 2775 teneretur,

78 2791 140 2855 stve
161 2793 237 2856 'civis
254 2787 342 2866 esset,
359 2788 422 2852 five
441 2789 631 2872 peregrinus,
649 2781 709 2852 live
728 2788 839 2872 opibus
855 2783 1040 2864 abundaret,

79 2885 144 2949 stve
162 2887 291 2970 egestate
309 2880 403 2946 suisset
417 2880 543 2965 pressus,
565 2897 634 2948 cum
653 2901 691 2946 eo
712 2881 772 2944 stne
793 2882 851 2944 ulla
868 2893 1040 2944 remunera-

76 2985 185 3060 tione,
215 2977 359 3066 quidquid
379 2978 512 3042 salutatis
536 2975 686 3041 dodltinae
705 2975 878 3056 consiliique
897 2975 1040 3047 baberet,

78 3075 359 3150 communicaret37
376 3068 444 3132 satis
468 3068 592 3152 praemii
611 3087 666 3148 pro
683 3065 821 3149 praellita
839 3083 931 3146 opera
949 3057 1041 3126 tulisse

79 3189 181 3247 ratus,
203 3168 222 3230 st
242 3187 319 3240 eos,
343 3162 394 3246 qul
410 3162 499 3243 ipsius
517 3160 683 3242 disciplinae
705 3157 766 3220 sese
788 3155 986 3233 tradidissent,
1009 3157 1041 3220 dr

79 3265 221 3327 meliores
245 3257 488 3341 sapientioresque
515 3253 547 3318 dt
570 3249 625 3315 libi
652 3249 706 3334 ipsi
732 3249 878 3334 bonisque
902 3248 1041 3312 omnibus

81 3358 194 3421 amicos
213 3347 420 3417 reddidisset.8
475 3433 485 3450 Ι
1027 3345 1037 3368 ‘'

113 3561 132 3612 4
149 3537 301 3593 Memsocr.
311 3530 372 3596 12⁶,
385 3546 408 3600 5.
418 3535 554 3591 cdnroo.
565 3533 674 3587 Laena.
685 3485 829 3598 ll.a4·.27.
