2662 4742
300 423 359 492 nt
409 379 739 492 snutuutrnttuu
759 417 1166 488 tuttosonucnaunt

299 587 377 646 vae,
391 589 457 632 cum
474 567 669 650 intelligitur,
682 565 761 628 nulla
774 565 806 630 vi
820 582 910 648 arque
924 564 1042 629 aclione
1053 563 1130 628 illiue
1141 563 1276 631 Naturae

298 662 432 743 impediri
450 658 599 744 potuisse,
619 678 685 743 quo
704 659 803 722 minus
820 674 874 720 eae
890 675 954 733 ree,
974 658 1140 739 dequibus
1157 660 1276 742 agitur,

299 756 350 818 vel
368 754 398 818 se
418 775 524 819 mutuo
543 749 814 836 consequerentur,
838 751 887 814 vel
909 752 985 815 inter
1004 751 1035 816 se
1056 754 1272 835 iungerentur,

298 849 492 914 orituroocio
503 848 687 932 Nurfflatir,
699 844 1068 930 quamtaliconsecutioni
1079 847 1274 912 coniundlio·

298 940 369 1004 nive
381 933 553 1004 tribuimus.
833 949 838 956 '

339 1035 392 1100 xi.
406 1034 462 1098 Sed
474 1035 598 1119 longum
610 1031 671 1111 esi,
687 1053 725 1098 ac
737 1051 833 1117 paene
844 1031 1011 1110 infinitum,
1023 1034 1272 1117 complicatam

298 1131 434 1216 omnium
449 1129 643 1202 relationum,
659 1147 733 1212 quaa
748 1129 826 1191 inter
837 1145 900 1204 rer,
922 1125 1045 1190 infinitis
1058 1128 1159 1188 modis
1172 1127 1271 1190 variar

297 1242 390 1307 arque
400 1226 513 1300 variar,
526 1243 598 1307 quaa
609 1222 694 1307 saepe
706 1225 784 1288 inter
794 1223 824 1288 se
834 1221 1030 1298 consen'mus,
1044 1221 1269 1305 deprehendere

296 1315 386 1396 licet,
401 1319 538 1400 exempla
556 1315 686 1391 adserre,
703 1319 932 1401 earumdemque
949 1317 1094 1399 originem
1115 1317 1269 1400 usquead

297 1411 487 1496 simpliciores
501 1429 633 1494 quasque
647 1411 825 1486 relationes,
839 1410 980 1492 equibus
994 1409 1060 1472 illae
1077 1413 1269 1494 compositae

298 1504 374 1580 sint,
388 1500 533 1586 persequi.
558 1501 698 1582 Quarum
715 1501 838 1583 quidem
855 1501 1072 1583 scientiores,
1087 1503 1121 1565 dr
1135 1523 1266 1586 quarum

297 1598 370 1664 usuc
388 1599 418 1660 in
437 1597 550 1660 iudiciis
568 1595 674 1660 nostris
694 1595 819 1660 suendis
840 1593 1088 1678 frequentissimus
1108 1599 1263 1671 nocuerit,

296 1692 328 1756 in
340 1710 376 1755 aa
389 1689 594 1772 Philosophiae
605 1689 751 1772 generalis
763 1705 863 1771 parte,
877 1708 940 1753 non
960 1689 1055 1754 minue
1067 1691 1203 1756 iucunda
1216 1693 1264 1754 illa

296 1785 416 1867 quidem
433 1785 465 1850 dr
480 1783 650 1862 sruiiuosa,
675 1805 764 1867 quam
780 1784 879 1849 subtili
895 1803 987 1870 arque
1004 1787 1136 1864 difficili,
1155 1804 1266 1872 pertra·

152 1901 155 1908 ·
285 1873 435 1953 diamur,
457 1897 534 1963 quae
556 1878 686 1943 felicibus
705 1877 858 1960 auspiciis,
884 1897 923 1943 ex
942 1899 1005 1964 quo
1021 1878 1100 1962 dgna
1122 1883 1266 1963 praetulit

297 1971 468 2050 Locutus,
486 1973 516 2035 in
531 1971 730 2036 scholasticae
744 1971 920 2054 olimpias,
936 1990 1015 2054 quae
1030 1971 1202 2061 dicebarm,
1220 1976 1267 2036 lo-

298 2085 397 2130 cuma
414 2065 638 2149 sapientioribus
652 2063 836 2151 Philosophia
855 2065 896 2130 eii
913 2065 1044 2130 suffeea.
1057 2065 1073 2098 ⁴¹
1095 2065 1190 2146 Quae
1200 2069 1267 2151 qui·

298 2162 365 2222 dem
383 2159 553 2242 disciplina,
580 2161 615 2236 in,
627 2159 792 2224 Notionum
808 2159 1110 2223 communiffimarum
1128 2163 1267 2226 maxime·

297 2272 357 2335 que
368 2255 546 2337 generalium
555 2254 672 2336 origine
679 2254 850 2338 explicanda
867 2273 1031 2339 occupata,
1052 2274 1266 2339 quamquama

297 2347 445 2432 plerirque
462 2347 559 2409 adhuc
575 2349 603 2408 ei
623 2347 826 2430 Philosophiae
847 2349 940 2432 parti,
959 2366 1037 2431 quae
1056 2347 1264 2434 Metaphysrca

298 2457 444 2518 uocatur,
461 2439 586 2502 adscribi
600 2438 810 2516 consueverit,
837 2459 928 2522 atque
945 2441 1098 2525 separatim
1112 2460 1131 2504 a
1145 2442 1264 2528 Logicia

298 2531 551 2610 institutionibus,
564 2531 598 2596 dr
612 2533 734 2616 quidem
751 2534 817 2616 poll
834 2533 909 2610 har,
924 2533 1059 2612 ruauh
1075 2553 1150 2598 vere
1165 2553 1263 2598 tamen

299 2625 433 2712 adipsum
445 2627 587 2710 logiam
598 2625 775 2709 disciplinam
789 2625 883 2690 suerat
894 2625 1061 2692 reserenda.
1075 2620 1264 2712 Quod'prae·

296 2721 377 2788 clare
390 2723 446 2784 iam
462 2721 573 2788 dudum
589 2719 771 2786 acuriffirnus
781 2721 932 2785 Locutus
949 2723 1081 2798 videram
1097 2723 1187 2786 cuius
1195 2741 1263 2787 oon·

298 2817 582 2900 filiumnuperrime
602 2817 721 2880 demum
740 2816 890 2878 iromus
908 2815 967 2878 Vir
982 2814 1096 2878 Clariii.
1116 2815 1262 2899 perspedc

300 2915 417 2978 secutur
429 2915 461 2978 in
474 2915 532 2977 hoc
545 2911 603 2990 est,
620 2913 705 2994 quod
718 2928 781 2975 non
795 2911 887 2974 modo
899 2929 917 2971 a
930 2910 1095 2994 praeceptis
1108 2909 1263 2992 psycholo·

298 3009 395 3094 giris,
413 3011 452 3073 de
464 3009 580 3072 viribus
594 3008 631 3071 ad
646 3005 864 3090 intelligendum
877 3003 990 3068 homini
1001 3003 1094 3077 datia,
1107 3005 1137 3066 dt
1154 3003 1193 3066 de
1207 3017 1263 3066 oo-

300 3107 416 3169 riooum
434 3102 600 3168 nollrarum
618 3101 750 3184 origine,
775 3099 952 3181 logicarum
969 3092 1193 3160 institutionum
1209 3095 1260 3158 ini·

300 3199 374 3261 rium
389 3197 513 3273 secerir;
529 3197 611 3282 quod
623 3192 772 3278 &ipsein
789 3193 871 3255 libris
887 3208 956 3254 anre
970 3190 1073 3266 editis,
1089 3191 1120 3253 dr
1135 3189 1185 3252 aiii
1196 3205 1260 3251 ante

299 3309 368 3354 eum
383 3290 533 3369 sederunt3
552 3307 564 3344 ι
587 3289 635 3356 sed
654 3289 737 3375 quod
758 3287 846 3354 etiarn
865 3283 958 3370 ipsum
975 3286 1054 3350 hunc
1070 3286 1101 3348 de
1115 3283 1260 3348 helmw-

334 3477 371 3548 [2
385 3475 469 3544 Quam
478 3473 622 3546 Ideologim
629 3473 779 3528 recentioris
787 3473 922 3527 memoriae
927 3469 1089 3542 philosophi,
1097 3471 1166 3524 haud
1175 3469 1260 3540 inepto

365 3555 424 3610 sane
433 3553 549 3618 nomine,
564 3553 740 3622 repellamur]
755 3551 865 3621 (Nupera
874 3551 1136 3618 mordendum.)

337 3663 348 3700 a
368 3649 439 3700 incer
454 3664 521 3718 quor
531 3646 626 3700 minet
635 3645 684 3699 Vir
697 3643 855 3697 humanioris
871 3643 953 3697 omnis
970 3642 1123 3712 &timeque
1138 3638 1260 3692 delinitae

365 3725 439 3777 laude
456 3721 674 3788 eumubdffiuus,
695 3725 978 3788 innomi-Inueni,
996 3725 1055 3794 qui,
1074 3741 1132 3777 eun
1146 3722 1173 3774 in
1187 3720 1262 3772 labiis

364 3803 493 3858 Dominae
510 3805 636 3860 solidioris
657 3805 752 3874 primus
770 3807 821 3859 hoc
841 3805 915 3858 ausus
930 3803 982 3860 eise
1003 3803 1048 3857 tibi
1066 3805 1213 3863 videretur,
1233 3809 1261 3850 ui

368 3879 558 3954 Psycbologiam
566 3901 623 3938 cum
633 3883 772 3954 Ontologia
781 3883 889 3954 logicae
898 3883 1088 3956 praemitteret,
1100 3882 1127 3936 id
1133 3891 1262 3952 propterea
