<?xml version="1.0" encoding="UTF-8"?>
<!DOCTYPE html PUBLIC "-//W3C//DTD XHTML 1.0 Transitional//EN"
    "http://www.w3.org/TR/xhtml1/DTD/xhtml1-transitional.dtd">
<html xmlns="http://www.w3.org/1999/xhtml" xml:lang="en" lang="en">
 <head>
  <title>
</title>
<meta http-equiv="Content-Type" content="text/html;charset=utf-8" />
  <meta name='ocr-system' content='tesseract 3.04.00' />
  <meta name='ocr-capabilities' content='ocr_page ocr_carea ocr_par ocr_line ocrx_word'/>
</head>
<body>
  <div class='ocr_page' id='page_1' title='image "./opusculaacademi00schwgoog_0125.png"; bbox 0 0 2662 4742; ppageno 0'>
   <div class='ocr_carea' id='block_1_1' title="bbox 280 391 1190 482">
    <p class='ocr_par' dir='ltr' id='par_1_1' title="bbox 280 391 1190 482">
     <span class='ocr_line' id='line_1_1' title="bbox 280 391 1190 482; baseline -0.004 -8"><span class='ocrx_word' id='word_1_1' title='bbox 280 417 339 482; x_wconf 66' lang='lat'>⁸⁰⁴</span> <span class='ocrx_word' id='word_1_2' title='bbox 379 401 708 470; x_wconf 68' lang='lat' dir='ltr'>emmenum</span> <span class='ocrx_word' id='word_1_3' title='bbox 727 394 1128 474; x_wconf 67' lang='lat' dir='ltr'>nnuosovfflcnnunt</span> <span class='ocrx_word' id='word_1_4' title='bbox 1183 391 1190 403; x_wconf 63' lang='grc'><strong>’</strong></span> 
     </span>
    </p>
   </div>
   <div class='ocr_carea' id='block_1_2' title="bbox 276 539 1313 918">
    <p class='ocr_par' dir='ltr' id='par_1_2' title="bbox 276 539 1313 728">
     <span class='ocr_line' id='line_1_2' title="bbox 277 539 1251 632; baseline 0.003 -21"><span class='ocrx_word' id='word_1_5' title='bbox 277 539 380 632; x_wconf 63' lang='lat' dir='ltr'>quud}</span> <span class='ocrx_word' id='word_1_6' title='bbox 399 549 436 611; x_wconf 88' lang='lat' dir='ltr'>ad</span> <span class='ocrx_word' id='word_1_7' title='bbox 448 547 590 630; x_wconf 85' lang='lat' dir='ltr'>reliquam</span> <span class='ocrx_word' id='word_1_8' title='bbox 609 544 726 612; x_wconf 74' lang='lat' dir='ltr'>namn</span> <span class='ocrx_word' id='word_1_9' title='bbox 744 545 939 612; x_wconf 75' lang='lat' dir='ltr'>humanam</span> <span class='ocrx_word' id='word_1_10' title='bbox 954 547 1124 622; x_wconf 74' lang='lat' dir='ltr'>notitiarum</span> <span class='ocrx_word' id='word_1_11' title='bbox 1139 547 1251 614; x_wconf 74' lang='lat' dir='ltr'>cnih-</span> 
     </span>
     <span class='ocr_line' id='line_1_3' title="bbox 276 642 1313 728; baseline -0.002 -19"><span class='ocrx_word' id='word_1_12' title='bbox 276 661 355 719; x_wconf 79' lang='lat' dir='ltr'>mm,</span> <span class='ocrx_word' id='word_1_13' title='bbox 370 645 402 706; x_wconf 88' lang='lat' dir='ltr'>in</span> <span class='ocrx_word' id='word_1_14' title='bbox 415 643 498 708; x_wconf 82' lang='lat' dir='ltr'>ufunn</span> <span class='ocrx_word' id='word_1_15' title='bbox 512 643 640 724; x_wconf 86' lang='lat' dir='ltr'>aliquem</span> <span class='ocrx_word' id='word_1_16' title='bbox 652 642 773 706; x_wconf 87' lang='lat' dir='ltr'>humani</span> <span class='ocrx_word' id='word_1_17' title='bbox 783 643 897 726; x_wconf 77' lang='lat' dir='ltr'>generis</span> <span class='ocrx_word' id='word_1_18' title='bbox 908 646 1048 708; x_wconf 82' lang='lat' dir='ltr'>converti</span> <span class='ocrx_word' id='word_1_19' title='bbox 1063 645 1184 728; x_wconf 85' lang='lat' dir='ltr'>poterit.</span> <span class='ocrx_word' id='word_1_20' title='bbox 1312 695 1313 722; x_wconf 32' lang='lat' dir='ltr'>q</span> 
     </span>
    </p>

    <p class='ocr_par' dir='ltr' id='par_1_3' title="bbox 276 737 1313 918">
     <span class='ocr_line' id='line_1_4' title="bbox 318 737 1246 822; baseline 0.003 -21"><span class='ocrx_word' id='word_1_21' title='bbox 318 760 347 812; x_wconf 83' lang='lat'>⁴·</span> <span class='ocrx_word' id='word_1_22' title='bbox 360 737 453 821; x_wconf 85' lang='lat' dir='ltr'>Quae</span> <span class='ocrx_word' id='word_1_23' title='bbox 466 737 607 822; x_wconf 75' lang='lat' dir='ltr'>cognosci</span> <span class='ocrx_word' id='word_1_24' title='bbox 618 737 788 820; x_wconf 81' lang='lat' dir='ltr'>percipique</span> <span class='ocrx_word' id='word_1_25' title='bbox 798 737 836 800; x_wconf 89' lang='lat' dir='ltr'>ab</span> <span class='ocrx_word' id='word_1_26' title='bbox 848 738 970 802; x_wconf 84' lang='lat' dir='ltr'>homine</span> <span class='ocrx_word' id='word_1_27' title='bbox 983 739 1038 806; x_wconf 81' lang='lat' dir='ltr'>hae</span> <span class='ocrx_word' id='word_1_28' title='bbox 1050 741 1081 803; x_wconf 89' lang='lat' dir='ltr'>iu</span> <span class='ocrx_word' id='word_1_29' title='bbox 1094 741 1158 806; x_wconf 81' lang='lat' dir='ltr'>vita</span> <span class='ocrx_word' id='word_1_30' title='bbox 1172 759 1246 804; x_wconf 87' lang='lat' dir='ltr'>non</span> 
     </span>
     <span class='ocr_line' id='line_1_5' title="bbox 276 825 1313 918; baseline 0.006 -24"><span class='ocrx_word' id='word_1_31' title='bbox 276 825 416 916; x_wconf 66' lang='lat' dir='ltr'>quisunt,</span> <span class='ocrx_word' id='word_1_32' title='bbox 431 833 712 910; x_wconf 83' lang='lat' dir='ltr'>easunteiusmodi,</span> <span class='ocrx_word' id='word_1_33' title='bbox 725 831 885 898; x_wconf 82' lang='lat' dir='ltr'>utiliorum</span> <span class='ocrx_word' id='word_1_34' title='bbox 897 835 1029 918; x_wconf 74' lang='lat' dir='ltr'>cognitio</span> <span class='ocrx_word' id='word_1_35' title='bbox 1039 835 1152 900; x_wconf 86' lang='lat' dir='ltr'>nullum</span> <span class='ocrx_word' id='word_1_36' title='bbox 1165 837 1247 918; x_wconf 82' lang='lat' dir='ltr'>pla-</span> <span class='ocrx_word' id='word_1_37' title='bbox 1312 889 1313 916; x_wconf 32' lang='lat' dir='ltr'>q</span> 
     </span>
    </p>
   </div>
   <div class='ocr_carea' id='block_1_3' title="bbox 194 925 1313 2504">
    <p class='ocr_par' dir='ltr' id='par_1_4' title="bbox 276 925 1313 1009">
     <span class='ocr_line' id='line_1_6' title="bbox 276 925 1313 1009; baseline 0.006 -21"><span class='ocrx_word' id='word_1_38' title='bbox 276 943 316 989; x_wconf 87' lang='lat' dir='ltr'>ne</span> <span class='ocrx_word' id='word_1_39' title='bbox 326 925 410 990; x_wconf 87' lang='lat' dir='ltr'>usum</span> <span class='ocrx_word' id='word_1_40' title='bbox 423 929 459 990; x_wconf 88' lang='lat' dir='ltr'>ad</span> <span class='ocrx_word' id='word_1_41' title='bbox 472 947 541 992; x_wconf 90' lang='lat' dir='ltr'>eum</span> <span class='ocrx_word' id='word_1_42' title='bbox 550 925 655 1000; x_wconf 85' lang='lat' dir='ltr'>finem,</span> <span class='ocrx_word' id='word_1_43' title='bbox 668 925 842 1009; x_wconf 74' lang='lat' dir='ltr'>quesumus</span> <span class='ocrx_word' id='word_1_44' title='bbox 855 928 909 990; x_wconf 84' lang='lat' dir='ltr'>hae</span> <span class='ocrx_word' id='word_1_45' title='bbox 919 929 950 992; x_wconf 87' lang='lat' dir='ltr'>in</span> <span class='ocrx_word' id='word_1_46' title='bbox 964 929 1028 992; x_wconf 83' lang='lat' dir='ltr'>vita</span> <span class='ocrx_word' id='word_1_47' title='bbox 1045 928 1152 1004; x_wconf 82' lang='lat' dir='ltr'>locati,</span> <span class='ocrx_word' id='word_1_48' title='bbox 1163 927 1245 994; x_wconf 82' lang='lat' dir='ltr'>iue-</span> <span class='ocrx_word' id='word_1_49' title='bbox 1312 955 1313 964; x_wconf 50' lang='lat'>¹</span> 
     </span>
    </p>

    <p class='ocr_par' dir='ltr' id='par_1_5' title="bbox 276 1016 1013 1102">
     <span class='ocr_line' id='line_1_7' title="bbox 276 1016 1013 1102; baseline 0.005 -22"><span class='ocrx_word' id='word_1_50' title='bbox 276 1018 317 1082; x_wconf 85' lang='lat' dir='ltr'>tir</span> <span class='ocrx_word' id='word_1_51' title='bbox 333 1019 479 1086; x_wconf 84' lang='lat' dir='ltr'>habitura.</span> <span class='ocrx_word' id='word_1_52' title='bbox 503 1019 593 1100; x_wconf 83' lang='lat' dir='ltr'>Quae</span> <span class='ocrx_word' id='word_1_53' title='bbox 610 1016 695 1102; x_wconf 75' lang='lat' dir='ltr'>supra</span> <span class='ocrx_word' id='word_1_54' title='bbox 712 1037 786 1096; x_wconf 81' lang='lat' dir='ltr'>noa,</span> <span class='ocrx_word' id='word_1_55' title='bbox 805 1020 878 1084; x_wconf 81' lang='lat' dir='ltr'>nihii</span> <span class='ocrx_word' id='word_1_56' title='bbox 895 1022 931 1086; x_wconf 84' lang='lat' dir='ltr'>ad</span> <span class='ocrx_word' id='word_1_57' title='bbox 947 1039 1013 1084; x_wconf 79' lang='lat' dir='ltr'>not.</span> 
     </span>
    </p>

    <p class='ocr_par' dir='ltr' id='par_1_6' title="bbox 194 1107 1245 1386">
     <span class='ocr_line' id='line_1_8' title="bbox 194 1107 1244 1200; baseline 0.006 -26"><span class='ocrx_word' id='word_1_58' title='bbox 194 1173 198 1200; x_wconf 61' lang='lat'>,</span> <span class='ocrx_word' id='word_1_59' title='bbox 276 1139 282 1153; x_wconf 92' lang='lat'><strong>·</strong></span> <span class='ocrx_word' id='word_1_60' title='bbox 317 1107 373 1176; x_wconf 88' lang='lat'><em>111.</em></span> <span class='ocrx_word' id='word_1_61' title='bbox 394 1111 553 1177; x_wconf 82' lang='lat' dir='ltr'>Caeterum</span> <span class='ocrx_word' id='word_1_62' title='bbox 575 1133 667 1198; x_wconf 85' lang='lat' dir='ltr'>quum</span> <span class='ocrx_word' id='word_1_63' title='bbox 687 1133 726 1176; x_wconf 84' lang='lat' dir='ltr'>ex</span> <span class='ocrx_word' id='word_1_64' title='bbox 745 1113 827 1178; x_wconf 75' lang='lat' dir='ltr'>reiio</span> <span class='ocrx_word' id='word_1_65' title='bbox 847 1115 955 1180; x_wconf 84' lang='lat' dir='ltr'>virium</span> <span class='ocrx_word' id='word_1_66' title='bbox 978 1114 1244 1200; x_wconf 74' lang='lat' dir='ltr'>subsidiumque</span> 
     </span>
     <span class='ocr_line' id='line_1_9' title="bbox 276 1202 1245 1294; baseline 0.006 -28"><span class='ocrx_word' id='word_1_67' title='bbox 276 1202 364 1268; x_wconf 84' lang='lat' dir='ltr'>nobis</span> <span class='ocrx_word' id='word_1_68' title='bbox 377 1205 555 1270; x_wconf 77' lang='lat' dir='ltr'>tributorum</span> <span class='ocrx_word' id='word_1_69' title='bbox 571 1205 650 1282; x_wconf 84' lang='lat' dir='ltr'>usu,</span> <span class='ocrx_word' id='word_1_70' title='bbox 674 1225 735 1270; x_wconf 86' lang='lat' dir='ltr'>non</span> <span class='ocrx_word' id='word_1_71' title='bbox 752 1226 788 1270; x_wconf 82' lang='lat' dir='ltr'>ex</span> <span class='ocrx_word' id='word_1_72' title='bbox 808 1205 952 1271; x_wconf 80' lang='lat' dir='ltr'>obstinata</span> <span class='ocrx_word' id='word_1_73' title='bbox 964 1227 1161 1294; x_wconf 81' lang='lat' dir='ltr'>eorumquae</span> <span class='ocrx_word' id='word_1_74' title='bbox 1182 1229 1245 1272; x_wconf 87' lang='lat' dir='ltr'>ne-</span> 
     </span>
     <span class='ocr_line' id='line_1_10' title="bbox 277 1299 1244 1386; baseline 0.001 -22"><span class='ocrx_word' id='word_1_75' title='bbox 277 1317 345 1383; x_wconf 70' lang='lat' dir='ltr'>gata</span> <span class='ocrx_word' id='word_1_76' title='bbox 358 1299 423 1365; x_wconf 83' lang='lat' dir='ltr'>sunt</span> <span class='ocrx_word' id='word_1_77' title='bbox 438 1299 654 1377; x_wconf 67' lang='lat' dir='ltr'>adsediatione,</span> <span class='ocrx_word' id='word_1_78' title='bbox 669 1301 806 1364; x_wconf 82' lang='lat' dir='ltr'>merirum</span> <span class='ocrx_word' id='word_1_79' title='bbox 814 1319 903 1364; x_wconf 85' lang='lat' dir='ltr'>omne</span> <span class='ocrx_word' id='word_1_80' title='bbox 915 1301 1042 1365; x_wconf 83' lang='lat' dir='ltr'>huminis</span> <span class='ocrx_word' id='word_1_81' title='bbox 1053 1300 1244 1386; x_wconf 76' lang='lat' dir='ltr'>dignitasque</span> 
     </span>
    </p>

    <p class='ocr_par' dir='ltr' id='par_1_7' title="bbox 259 1393 1313 1572">
     <span class='ocr_line' id='line_1_11' title="bbox 259 1393 1313 1477; baseline 0.002 -21"><span class='ocrx_word' id='word_1_82' title='bbox 259 1451 260 1456; x_wconf 75' lang='grc'>,</span> <span class='ocrx_word' id='word_1_83' title='bbox 276 1411 312 1456; x_wconf 86' lang='lat' dir='ltr'>ea</span> <span class='ocrx_word' id='word_1_84' title='bbox 327 1393 507 1468; x_wconf 76' lang='lat' dir='ltr'>aestimetur,</span> <span class='ocrx_word' id='word_1_85' title='bbox 525 1413 614 1475; x_wconf 85' lang='lat' dir='ltr'>quam</span> <span class='ocrx_word' id='word_1_86' title='bbox 631 1395 721 1456; x_wconf 81' lang='lat' dir='ltr'>un&#39;ue</span> <span class='ocrx_word' id='word_1_87' title='bbox 739 1395 770 1456; x_wconf 88' lang='lat' dir='ltr'>in</span> <span class='ocrx_word' id='word_1_88' title='bbox 787 1393 869 1456; x_wconf 82' lang='lat' dir='ltr'>omni</span> <span class='ocrx_word' id='word_1_89' title='bbox 882 1395 946 1458; x_wconf 80' lang='lat' dir='ltr'>vita</span> <span class='ocrx_word' id='word_1_90' title='bbox 960 1393 1146 1477; x_wconf 71' lang='lat' dir='ltr'>spestandam</span> <span class='ocrx_word' id='word_1_91' title='bbox 1161 1413 1245 1460; x_wconf 84' lang='lat' dir='ltr'>eon-</span> <span class='ocrx_word' id='word_1_92' title='bbox 1312 1409 1313 1412; x_wconf 72' lang='grc'>’</span> 
     </span>
     <span class='ocr_line' id='line_1_12' title="bbox 275 1485 1242 1572; baseline 0.002 -22"><span class='ocrx_word' id='word_1_93' title='bbox 275 1485 496 1572; x_wconf 63' lang='lat' dir='ltr'>firmandamque</span> <span class='ocrx_word' id='word_1_94' title='bbox 512 1487 609 1553; x_wconf 75' lang='lat' dir='ltr'>senius</span> <span class='ocrx_word' id='word_1_95' title='bbox 618 1487 738 1551; x_wconf 87' lang='lat' dir='ltr'>intimus</span> <span class='ocrx_word' id='word_1_96' title='bbox 753 1488 860 1565; x_wconf 62' lang='lat' dir='ltr'>docem</span> <span class='ocrx_word' id='word_1_97' title='bbox 874 1507 936 1553; x_wconf 82' lang='lat' dir='ltr'>non</span> <span class='ocrx_word' id='word_1_98' title='bbox 947 1488 1058 1566; x_wconf 81' lang='lat' dir='ltr'>video,</span> <span class='ocrx_word' id='word_1_99' title='bbox 1076 1508 1141 1570; x_wconf 89' lang='lat' dir='ltr'>quo</span> <span class='ocrx_word' id='word_1_100' title='bbox 1153 1490 1242 1565; x_wconf 85' lang='lat' dir='ltr'>iure,</span> 
     </span>
    </p>

    <p class='ocr_par' dir='ltr' id='par_1_8' title="bbox 209 1579 1242 1757">
     <span class='ocr_line' id='line_1_13' title="bbox 209 1579 1242 1662; baseline -0.001 -15"><span class='ocrx_word' id='word_1_101' title='bbox 209 1640 213 1647; x_wconf 90' lang='lat'>.</span> <span class='ocrx_word' id='word_1_102' title='bbox 275 1579 381 1662; x_wconf 82' lang='lat' dir='ltr'>fiquid</span> <span class='ocrx_word' id='word_1_103' title='bbox 398 1583 486 1646; x_wconf 84' lang='lat' dir='ltr'>etiam</span> <span class='ocrx_word' id='word_1_104' title='bbox 506 1581 554 1644; x_wconf 81' lang='lat' dir='ltr'>vei</span> <span class='ocrx_word' id='word_1_105' title='bbox 575 1581 705 1644; x_wconf 79' lang='lat' dir='ltr'>maxime</span> <span class='ocrx_word' id='word_1_106' title='bbox 731 1580 890 1644; x_wconf 86' lang='lat' dir='ltr'>obscurum</span> <span class='ocrx_word' id='word_1_107' title='bbox 909 1599 1056 1645; x_wconf 79' lang='lat' dir='ltr'>remaneat</span> <span class='ocrx_word' id='word_1_108' title='bbox 1075 1583 1242 1660; x_wconf 78' lang='lat' dir='ltr'>intubus,</span> 
     </span>
     <span class='ocr_line' id='line_1_14' title="bbox 221 1672 1241 1757; baseline 0.001 -20"><span class='ocrx_word' id='word_1_109' title='bbox 221 1692 225 1704; x_wconf 65' lang='lat'>¹</span> <span class='ocrx_word' id='word_1_110' title='bbox 275 1694 354 1757; x_wconf 85' lang='lat' dir='ltr'>quae</span> <span class='ocrx_word' id='word_1_111' title='bbox 366 1675 402 1738; x_wconf 88' lang='lat' dir='ltr'>ad</span> <span class='ocrx_word' id='word_1_112' title='bbox 417 1675 617 1740; x_wconf 83' lang='lat' dir='ltr'>conditionem</span> <span class='ocrx_word' id='word_1_113' title='bbox 637 1672 767 1738; x_wconf 83' lang='lat' dir='ltr'>nostram</span> <span class='ocrx_word' id='word_1_114' title='bbox 789 1673 959 1757; x_wconf 79' lang='lat' dir='ltr'>statumque</span> <span class='ocrx_word' id='word_1_115' title='bbox 975 1673 1039 1736; x_wconf 80' lang='lat' dir='ltr'>five</span> <span class='ocrx_word' id='word_1_116' title='bbox 1056 1674 1241 1756; x_wconf 78' lang='lat' dir='ltr'>uneientem</span> 
     </span>
    </p>

    <p class='ocr_par' dir='ltr' id='par_1_9' title="bbox 275 1766 1242 1852">
     <span class='ocr_line' id='line_1_15' title="bbox 275 1766 1242 1852; baseline 0 -22"><span class='ocrx_word' id='word_1_117' title='bbox 275 1767 340 1832; x_wconf 77' lang='lat' dir='ltr'>save</span> <span class='ocrx_word' id='word_1_118' title='bbox 359 1767 491 1834; x_wconf 86' lang='lat' dir='ltr'>fututum</span> <span class='ocrx_word' id='word_1_119' title='bbox 507 1769 654 1852; x_wconf 84' lang='lat' dir='ltr'>pertinere</span> <span class='ocrx_word' id='word_1_120' title='bbox 672 1769 804 1850; x_wconf 78' lang='lat' dir='ltr'>quoiam</span> <span class='ocrx_word' id='word_1_121' title='bbox 824 1767 918 1832; x_wconf 87' lang='lat' dir='ltr'>modo</span> <span class='ocrx_word' id='word_1_122' title='bbox 936 1766 1107 1843; x_wconf 81' lang='lat' dir='ltr'>videantur,</span> <span class='ocrx_word' id='word_1_123' title='bbox 1127 1768 1168 1844; x_wconf 84' lang='lat' dir='ltr'>is,</span> <span class='ocrx_word' id='word_1_124' title='bbox 1186 1769 1242 1852; x_wconf 88' lang='lat' dir='ltr'>qui</span> 
     </span>
    </p>

    <p class='ocr_par' dir='ltr' id='par_1_10' title="bbox 274 1859 1240 2504">
     <span class='ocr_line' id='line_1_16' title="bbox 276 1859 1240 1943; baseline 0.003 -21"><span class='ocrx_word' id='word_1_125' title='bbox 276 1861 382 1924; x_wconf 82' lang='lat' dir='ltr'>ducem</span> <span class='ocrx_word' id='word_1_126' title='bbox 396 1879 527 1926; x_wconf 89' lang='lat' dir='ltr'>naturam</span> <span class='ocrx_word' id='word_1_127' title='bbox 541 1859 703 1942; x_wconf 76' lang='lat' dir='ltr'>Deumque</span> <span class='ocrx_word' id='word_1_128' title='bbox 714 1859 794 1943; x_wconf 87' lang='lat' dir='ltr'>sequi</span> <span class='ocrx_word' id='word_1_129' title='bbox 806 1859 955 1935; x_wconf 82' lang='lat' dir='ltr'>vuluerit,</span> <span class='ocrx_word' id='word_1_130' title='bbox 972 1877 1152 1942; x_wconf 74' lang='lat' dir='ltr'>magnopere</span> <span class='ocrx_word' id='word_1_131' title='bbox 1163 1879 1240 1925; x_wconf 79' lang='lat' dir='ltr'>enn-</span> 
     </span>
     <span class='ocr_line' id='line_1_17' title="bbox 276 1951 1237 2036; baseline -0.001 -21"><span class='ocrx_word' id='word_1_132' title='bbox 276 1971 419 2034; x_wconf 77' lang='lat' dir='ltr'>queratur</span> <span class='ocrx_word' id='word_1_133' title='bbox 431 1972 483 2018; x_wconf 92' lang='lat' dir='ltr'>aut</span> <span class='ocrx_word' id='word_1_134' title='bbox 499 1954 597 2017; x_wconf 85' lang='lat' dir='ltr'>vicem</span> <span class='ocrx_word' id='word_1_135' title='bbox 617 1953 716 2017; x_wconf 82' lang='lat' dir='ltr'>doleat</span> <span class='ocrx_word' id='word_1_136' title='bbox 735 1951 825 2016; x_wconf 87' lang='lat' dir='ltr'>suam.</span> <span class='ocrx_word' id='word_1_137' title='bbox 847 1951 938 2035; x_wconf 80' lang='lat' dir='ltr'>igitur</span> <span class='ocrx_word' id='word_1_138' title='bbox 954 1969 1093 2034; x_wconf 78' lang='lat' dir='ltr'>magnum</span> <span class='ocrx_word' id='word_1_139' title='bbox 1110 1951 1237 2036; x_wconf 84' lang='lat' dir='ltr'>quidem</span> 
     </span>
     <span class='ocr_line' id='line_1_18' title="bbox 277 2045 1238 2132; baseline 0.002 -25"><span class='ocrx_word' id='word_1_140' title='bbox 277 2045 475 2112; x_wconf 79' lang='lat' dir='ltr'>dubitaronem</span> <span class='ocrx_word' id='word_1_141' title='bbox 493 2048 723 2132; x_wconf 85' lang='lat' dir='ltr'>inscientiaeque</span> <span class='ocrx_word' id='word_1_142' title='bbox 735 2045 942 2132; x_wconf 68' lang='lat' dir='ltr'>umidiorem,</span> <span class='ocrx_word' id='word_1_143' title='bbox 956 2045 1127 2123; x_wconf 84' lang='lat' dir='ltr'>Socratem,</span> <span class='ocrx_word' id='word_1_144' title='bbox 1149 2067 1238 2110; x_wconf 81' lang='lat' dir='ltr'>num-</span> 
     </span>
     <span class='ocr_line' id='line_1_19' title="bbox 274 2137 1237 2225; baseline 0.002 -25"><span class='ocrx_word' id='word_1_145' title='bbox 274 2157 369 2222; x_wconf 86' lang='lat' dir='ltr'>quam</span> <span class='ocrx_word' id='word_1_146' title='bbox 388 2140 514 2222; x_wconf 79' lang='lat' dir='ltr'>legimur</span> <span class='ocrx_word' id='word_1_147' title='bbox 532 2141 746 2225; x_wconf 78' lang='lat' dir='ltr'>conquestum,</span> <span class='ocrx_word' id='word_1_148' title='bbox 766 2138 849 2222; x_wconf 90' lang='lat' dir='ltr'>quod</span> <span class='ocrx_word' id='word_1_149' title='bbox 869 2139 918 2202; x_wconf 78' lang='lat' dir='ltr'>vel</span> <span class='ocrx_word' id='word_1_150' title='bbox 935 2140 973 2201; x_wconf 82' lang='lat' dir='ltr'>de</span> <span class='ocrx_word' id='word_1_151' title='bbox 993 2156 1099 2206; x_wconf 84' lang='lat' dir='ltr'>natura</span> <span class='ocrx_word' id='word_1_152' title='bbox 1112 2137 1172 2202; x_wconf 87' lang='lat' dir='ltr'>Dei</span> <span class='ocrx_word' id='word_1_153' title='bbox 1187 2139 1237 2204; x_wconf 84' lang='lat' dir='ltr'>vei</span> 
     </span>
     <span class='ocr_line' id='line_1_20' title="bbox 277 2231 1234 2314; baseline 0.004 -20"><span class='ocrx_word' id='word_1_154' title='bbox 277 2231 317 2294; x_wconf 86' lang='lat' dir='ltr'>de</span> <span class='ocrx_word' id='word_1_155' title='bbox 327 2231 494 2296; x_wconf 86' lang='lat' dir='ltr'>animorum</span> <span class='ocrx_word' id='word_1_156' title='bbox 509 2234 681 2296; x_wconf 73' lang='lat' dir='ltr'>aeternitate</span> <span class='ocrx_word' id='word_1_157' title='bbox 698 2251 759 2295; x_wconf 89' lang='lat' dir='ltr'>non</span> <span class='ocrx_word' id='word_1_158' title='bbox 777 2233 930 2298; x_wconf 76' lang='lat' dir='ltr'>nationem</span> <span class='ocrx_word' id='word_1_159' title='bbox 943 2231 1162 2314; x_wconf 79' lang='lat' dir='ltr'>certioremque</span> <span class='ocrx_word' id='word_1_160' title='bbox 1177 2253 1234 2298; x_wconf 81' lang='lat' dir='ltr'>co·</span> 
     </span>
     <span class='ocr_line' id='line_1_21' title="bbox 277 2323 1236 2409; baseline 0.001 -22"><span class='ocrx_word' id='word_1_161' title='bbox 277 2324 439 2409; x_wconf 79' lang='lat' dir='ltr'>guirionem</span> <span class='ocrx_word' id='word_1_162' title='bbox 461 2327 614 2402; x_wconf 87' lang='lat' dir='ltr'>habuerir;</span> <span class='ocrx_word' id='word_1_163' title='bbox 633 2325 683 2389; x_wconf 90' lang='lat' dir='ltr'>sed</span> <span class='ocrx_word' id='word_1_164' title='bbox 698 2325 825 2402; x_wconf 84' lang='lat' dir='ltr'>cutaiie,</span> <span class='ocrx_word' id='word_1_165' title='bbox 842 2345 913 2389; x_wconf 84' lang='lat' dir='ltr'>eum</span> <span class='ocrx_word' id='word_1_166' title='bbox 925 2326 1008 2396; x_wconf 79' lang='lat' dir='ltr'>vitae</span> <span class='ocrx_word' id='word_1_167' title='bbox 1019 2323 1135 2389; x_wconf 83' lang='lat' dir='ltr'>cursum</span> <span class='ocrx_word' id='word_1_168' title='bbox 1151 2343 1236 2392; x_wconf 78' lang='lat' dir='ltr'>rme·</span> 
     </span>
     <span class='ocr_line' id='line_1_22' title="bbox 277 2418 1234 2504; baseline -0.002 -20"><span class='ocrx_word' id='word_1_169' title='bbox 277 2439 327 2496; x_wconf 85' lang='lat' dir='ltr'>te,</span> <span class='ocrx_word' id='word_1_170' title='bbox 340 2441 421 2504; x_wconf 91' lang='lat' dir='ltr'>quo,</span> <span class='ocrx_word' id='word_1_171' title='bbox 438 2419 460 2482; x_wconf 81' lang='lat' dir='ltr'>fi</span> <span class='ocrx_word' id='word_1_172' title='bbox 478 2419 547 2484; x_wconf 78' lang='lat' dir='ltr'>effer</span> <span class='ocrx_word' id='word_1_173' title='bbox 565 2419 651 2486; x_wconf 84' lang='lat' dir='ltr'>Deus</span> <span class='ocrx_word' id='word_1_174' title='bbox 668 2418 750 2497; x_wconf 82' lang='lat' dir='ltr'>ralis,</span> <span class='ocrx_word' id='word_1_175' title='bbox 768 2419 885 2504; x_wconf 77' lang='lat' dir='ltr'>qualern</span> <span class='ocrx_word' id='word_1_176' title='bbox 902 2421 928 2484; x_wconf 77' lang='lat' dir='ltr'>it</span> <span class='ocrx_word' id='word_1_177' title='bbox 945 2419 1096 2500; x_wconf 71' lang='lat' dir='ltr'>cognitum</span> <span class='ocrx_word' id='word_1_178' title='bbox 1111 2419 1234 2498; x_wconf 81' lang='lat' dir='ltr'>habuit,</span> 
     </span>
    </p>
   </div>
   <div class='ocr_carea' id='block_1_4' title="bbox 180 2511 1235 2598">
    <p class='ocr_par' dir='ltr' id='par_1_11' title="bbox 180 2511 1235 2598">
     <span class='ocr_line' id='line_1_23' title="bbox 180 2511 1235 2598; baseline 0.005 -22"><span class='ocrx_word' id='word_1_179' title='bbox 180 2589 182 2592; x_wconf 17' lang='lat'>¹</span> <span class='ocrx_word' id='word_1_180' title='bbox 277 2514 307 2576; x_wconf 84' lang='lat' dir='ltr'>ei</span> <span class='ocrx_word' id='word_1_181' title='bbox 325 2513 386 2577; x_wconf 84' lang='lat' dir='ltr'>ieie</span> <span class='ocrx_word' id='word_1_182' title='bbox 406 2513 562 2596; x_wconf 79' lang='lat' dir='ltr'>probaret,</span> <span class='ocrx_word' id='word_1_183' title='bbox 580 2529 691 2598; x_wconf 87' lang='lat' dir='ltr'>arque,</span> <span class='ocrx_word' id='word_1_184' title='bbox 708 2511 730 2575; x_wconf 87' lang='lat' dir='ltr'>st</span> <span class='ocrx_word' id='word_1_185' title='bbox 748 2511 867 2578; x_wconf 78' lang='lat' dir='ltr'>futurus</span> <span class='ocrx_word' id='word_1_186' title='bbox 884 2513 955 2578; x_wconf 78' lang='lat' dir='ltr'>elien</span> <span class='ocrx_word' id='word_1_187' title='bbox 972 2516 1089 2578; x_wconf 81' lang='lat' dir='ltr'>atu&#39;mus</span> <span class='ocrx_word' id='word_1_188' title='bbox 1109 2515 1235 2581; x_wconf 85' lang='lat' dir='ltr'>immor-</span> 
     </span>
    </p>
   </div>
   <div class='ocr_carea' id='block_1_5' title="bbox 274 2603 1235 3920">
    <p class='ocr_par' dir='ltr' id='par_1_12' title="bbox 274 2603 1235 3348">
     <span class='ocr_line' id='line_1_24' title="bbox 277 2603 1235 2690; baseline 0.001 -20"><span class='ocrx_word' id='word_1_189' title='bbox 277 2606 362 2682; x_wconf 85' lang='lat' dir='ltr'>talis,</span> <span class='ocrx_word' id='word_1_190' title='bbox 383 2606 458 2670; x_wconf 86' lang='lat' dir='ltr'>bene</span> <span class='ocrx_word' id='word_1_191' title='bbox 473 2605 533 2688; x_wconf 79' lang='lat' dir='ltr'>ipse</span> <span class='ocrx_word' id='word_1_192' title='bbox 550 2607 589 2670; x_wconf 86' lang='lat' dir='ltr'>de</span> <span class='ocrx_word' id='word_1_193' title='bbox 605 2603 658 2670; x_wconf 74' lang='lat' dir='ltr'>issa</span> <span class='ocrx_word' id='word_1_194' title='bbox 676 2607 898 2670; x_wconf 84' lang='lat' dir='ltr'>immortalitate</span> <span class='ocrx_word' id='word_1_195' title='bbox 913 2603 1006 2690; x_wconf 75' lang='lat' dir='ltr'>poiiet</span> <span class='ocrx_word' id='word_1_196' title='bbox 1021 2603 1146 2690; x_wconf 80' lang='lat' dir='ltr'>sperate.</span> <span class='ocrx_word' id='word_1_197' title='bbox 1168 2607 1235 2671; x_wconf 81' lang='lat' dir='ltr'>Ne-</span> 
     </span>
     <span class='ocr_line' id='line_1_25' title="bbox 276 2697 1235 2784; baseline 0.002 -22"><span class='ocrx_word' id='word_1_198' title='bbox 276 2719 337 2784; x_wconf 88' lang='lat' dir='ltr'>que</span> <span class='ocrx_word' id='word_1_199' title='bbox 353 2717 430 2762; x_wconf 86' lang='lat' dir='ltr'>vero</span> <span class='ocrx_word' id='word_1_200' title='bbox 446 2698 537 2763; x_wconf 85' lang='lat' dir='ltr'>ulium</span> <span class='ocrx_word' id='word_1_201' title='bbox 555 2699 618 2762; x_wconf 78' lang='lat' dir='ltr'>stre</span> <span class='ocrx_word' id='word_1_202' title='bbox 630 2699 763 2762; x_wconf 86' lang='lat' dir='ltr'>divinum</span> <span class='ocrx_word' id='word_1_203' title='bbox 785 2698 831 2762; x_wconf 79' lang='lat' dir='ltr'>iun</span> <span class='ocrx_word' id='word_1_204' title='bbox 846 2697 909 2762; x_wconf 81' lang='lat' dir='ltr'>five</span> <span class='ocrx_word' id='word_1_205' title='bbox 926 2699 1084 2762; x_wconf 83' lang='lat' dir='ltr'>humanum</span> <span class='ocrx_word' id='word_1_206' title='bbox 1100 2698 1130 2762; x_wconf 88' lang='lat' dir='ltr'>id</span> <span class='ocrx_word' id='word_1_207' title='bbox 1148 2699 1235 2764; x_wconf 77' lang='lat' dir='ltr'>nabin</span> 
     </span>
     <span class='ocr_line' id='line_1_26' title="bbox 275 2791 1235 2879; baseline 0 -21"><span class='ocrx_word' id='word_1_208' title='bbox 275 2795 340 2878; x_wconf 83' lang='lat' dir='ltr'>iugi</span> <span class='ocrx_word' id='word_1_209' title='bbox 356 2794 512 2879; x_wconf 85' lang='lat' dir='ltr'>imponere</span> <span class='ocrx_word' id='word_1_210' title='bbox 524 2791 638 2878; x_wconf 79' lang='lat' dir='ltr'>potest,</span> <span class='ocrx_word' id='word_1_211' title='bbox 658 2811 692 2858; x_wconf 85' lang='lat' dir='ltr'>ur</span> <span class='ocrx_word' id='word_1_212' title='bbox 710 2811 746 2856; x_wconf 89' lang='lat' dir='ltr'>ea</span> <span class='ocrx_word' id='word_1_213' title='bbox 756 2791 845 2856; x_wconf 81' lang='lat' dir='ltr'>firmo</span> <span class='ocrx_word' id='word_1_214' title='bbox 860 2791 978 2858; x_wconf 75' lang='lat' dir='ltr'>adsensu</span> <span class='ocrx_word' id='word_1_215' title='bbox 994 2792 1136 2858; x_wconf 79' lang='lat' dir='ltr'>credenda</span> <span class='ocrx_word' id='word_1_216' title='bbox 1148 2812 1235 2875; x_wconf 79' lang='lat' dir='ltr'>urae·</span> 
     </span>
     <span class='ocr_line' id='line_1_27' title="bbox 275 2883 1233 2972; baseline -0.003 -19"><span class='ocrx_word' id='word_1_217' title='bbox 275 2887 383 2972; x_wconf 62' lang='lat' dir='ltr'>cipit,</span> <span class='ocrx_word' id='word_1_218' title='bbox 400 2906 531 2971; x_wconf 82' lang='lat' dir='ltr'>quorum</span> <span class='ocrx_word' id='word_1_219' title='bbox 552 2887 641 2952; x_wconf 84' lang='lat' dir='ltr'>fidem</span> <span class='ocrx_word' id='word_1_220' title='bbox 664 2887 749 2950; x_wconf 75' lang='lat' dir='ltr'>nobis</span> <span class='ocrx_word' id='word_1_221' title='bbox 762 2885 857 2951; x_wconf 83' lang='lat' dir='ltr'>iacere</span> <span class='ocrx_word' id='word_1_222' title='bbox 873 2887 951 2951; x_wconf 86' lang='lat' dir='ltr'>ratio</span> <span class='ocrx_word' id='word_1_223' title='bbox 967 2887 1046 2950; x_wconf 83' lang='lat' dir='ltr'>nulla</span> <span class='ocrx_word' id='word_1_224' title='bbox 1061 2883 1162 2969; x_wconf 62' lang='lat' dir='ltr'>uniitq</span> <span class='ocrx_word' id='word_1_225' title='bbox 1183 2903 1233 2950; x_wconf 87' lang='lat' dir='ltr'>aut</span> 
     </span>
     <span class='ocr_line' id='line_1_28' title="bbox 277 2980 1232 3068; baseline -0.001 -19"><span class='ocrx_word' id='word_1_226' title='bbox 277 3001 313 3049; x_wconf 92' lang='lat' dir='ltr'>ut</span> <span class='ocrx_word' id='word_1_227' title='bbox 325 2983 480 3068; x_wconf 78' lang='lat' dir='ltr'>adstringat</span> <span class='ocrx_word' id='word_1_228' title='bbox 491 3003 547 3048; x_wconf 78' lang='lat' dir='ltr'>nos</span> <span class='ocrx_word' id='word_1_229' title='bbox 564 2983 736 3068; x_wconf 74' lang='lat' dir='ltr'>obligetque</span> <span class='ocrx_word' id='word_1_230' title='bbox 750 2983 787 3045; x_wconf 85' lang='lat' dir='ltr'>ad</span> <span class='ocrx_word' id='word_1_231' title='bbox 805 3001 842 3046; x_wconf 88' lang='lat' dir='ltr'>ea</span> <span class='ocrx_word' id='word_1_232' title='bbox 858 2981 947 3046; x_wconf 84' lang='lat' dir='ltr'>animi</span> <span class='ocrx_word' id='word_1_233' title='bbox 962 2982 1104 3065; x_wconf 81' lang='lat' dir='ltr'>vitaeque</span> <span class='ocrx_word' id='word_1_234' title='bbox 1112 2980 1232 3048; x_wconf 74' lang='lat' dir='ltr'>conflua</span> 
     </span>
     <span class='ocr_line' id='line_1_29' title="bbox 275 3075 1231 3162; baseline -0.006 -16"><span class='ocrx_word' id='word_1_235' title='bbox 275 3084 416 3160; x_wconf 80' lang='lat' dir='ltr'>capienda</span> <span class='ocrx_word' id='word_1_236' title='bbox 426 3127 436 3158; x_wconf 84' lang='lat'>,</span> <span class='ocrx_word' id='word_1_237' title='bbox 448 3099 527 3162; x_wconf 88' lang='lat' dir='ltr'>quae</span> <span class='ocrx_word' id='word_1_238' title='bbox 538 3079 573 3143; x_wconf 76' lang='lat' dir='ltr'>iia</span> <span class='ocrx_word' id='word_1_239' title='bbox 591 3077 740 3141; x_wconf 75' lang='lat' dir='ltr'>sententiis</span> <span class='ocrx_word' id='word_1_240' title='bbox 754 3075 812 3140; x_wconf 83' lang='lat' dir='ltr'>itur</span> <span class='ocrx_word' id='word_1_241' title='bbox 821 3075 1048 3159; x_wconf 74' lang='lat' dir='ltr'>consequentia,</span> <span class='ocrx_word' id='word_1_242' title='bbox 1059 3095 1186 3158; x_wconf 85' lang='lat' dir='ltr'>quarum</span> <span class='ocrx_word' id='word_1_243' title='bbox 1196 3077 1231 3140; x_wconf 86' lang='lat' dir='ltr'>de</span> 
     </span>
     <span class='ocr_line' id='line_1_30' title="bbox 276 3169 1230 3258; baseline -0.004 -21"><span class='ocrx_word' id='word_1_244' title='bbox 276 3177 405 3237; x_wconf 84' lang='lat' dir='ltr'>veritate</span> <span class='ocrx_word' id='word_1_245' title='bbox 430 3193 494 3238; x_wconf 88' lang='lat' dir='ltr'>non</span> <span class='ocrx_word' id='word_1_246' title='bbox 514 3193 601 3250; x_wconf 83' lang='lat' dir='ltr'>eam,</span> <span class='ocrx_word' id='word_1_247' title='bbox 625 3191 704 3258; x_wconf 88' lang='lat' dir='ltr'>quae</span> <span class='ocrx_word' id='word_1_248' title='bbox 728 3171 873 3248; x_wconf 73' lang='lat' dir='ltr'>sufficiat,</span> <span class='ocrx_word' id='word_1_249' title='bbox 901 3169 1103 3235; x_wconf 76' lang='lat' dir='ltr'>certitudinem</span> <span class='ocrx_word' id='word_1_250' title='bbox 1126 3170 1230 3234; x_wconf 73' lang='lat' dir='ltr'>habere</span> 
     </span>
     <span class='ocr_line' id='line_1_31' title="bbox 274 3265 425 3348; baseline 0.013 -22"><span class='ocrx_word' id='word_1_251' title='bbox 274 3265 425 3348; x_wconf 78' lang='lat' dir='ltr'>poismtut.</span> 
     </span>
    </p>

    <p class='ocr_par' dir='ltr' id='par_1_13' title="bbox 275 3354 1229 3920">
     <span class='ocr_line' id='line_1_32' title="bbox 318 3354 1228 3436; baseline 0.001 -16"><span class='ocrx_word' id='word_1_252' title='bbox 318 3358 374 3422; x_wconf 90' lang='lat' dir='ltr'>1v.</span> <span class='ocrx_word' id='word_1_253' title='bbox 397 3359 439 3424; x_wconf 78' lang='lat' dir='ltr'>Ar</span> <span class='ocrx_word' id='word_1_254' title='bbox 457 3359 596 3422; x_wconf 86' lang='lat' dir='ltr'>nimitum</span> <span class='ocrx_word' id='word_1_255' title='bbox 610 3358 650 3422; x_wconf 88' lang='lat' dir='ltr'>ita</span> <span class='ocrx_word' id='word_1_256' title='bbox 669 3357 719 3422; x_wconf 82' lang='lat' dir='ltr'>fit:</span> <span class='ocrx_word' id='word_1_257' title='bbox 746 3355 867 3420; x_wconf 85' lang='lat' dir='ltr'>nitimur</span> <span class='ocrx_word' id='word_1_258' title='bbox 888 3354 1025 3420; x_wconf 71' lang='lat' dir='ltr'>hominen</span> <span class='ocrx_word' id='word_1_259' title='bbox 1039 3355 1070 3418; x_wconf 84' lang='lat' dir='ltr'>in</span> <span class='ocrx_word' id='word_1_260' title='bbox 1088 3357 1228 3436; x_wconf 73' lang='lat' dir='ltr'>vetitum</span> 
     </span>
     <span class='ocr_line' id='line_1_33' title="bbox 276 3450 1229 3538; baseline 0.003 -23"><span class='ocrx_word' id='word_1_261' title='bbox 276 3454 392 3517; x_wconf 79' lang='lat' dir='ltr'>rantetst</span> <span class='ocrx_word' id='word_1_262' title='bbox 412 3473 574 3538; x_wconf 83' lang='lat' dir='ltr'>numquam</span> <span class='ocrx_word' id='word_1_263' title='bbox 591 3456 712 3538; x_wconf 84' lang='lat' dir='ltr'>impune</span> <span class='ocrx_word' id='word_1_264' title='bbox 729 3454 818 3518; x_wconf 84' lang='lat' dir='ltr'>liceat</span> <span class='ocrx_word' id='word_1_265' title='bbox 834 3450 956 3537; x_wconf 76' lang='lat' dir='ltr'>sepienti</span> <span class='ocrx_word' id='word_1_266' title='bbox 974 3451 1229 3536; x_wconf 76' lang='lat' dir='ltr'>benignoquena·</span> 
     </span>
     <span class='ocr_line' id='line_1_34' title="bbox 277 3547 1229 3631; baseline -0.003 -16"><span class='ocrx_word' id='word_1_267' title='bbox 277 3565 380 3626; x_wconf 87' lang='lat' dir='ltr'>turae,</span> <span class='ocrx_word' id='word_1_268' title='bbox 392 3551 422 3615; x_wconf 87' lang='lat' dir='ltr'>id</span> <span class='ocrx_word' id='word_1_269' title='bbox 440 3551 481 3614; x_wconf 85' lang='lat' dir='ltr'>eii</span> <span class='ocrx_word' id='word_1_270' title='bbox 494 3549 714 3628; x_wconf 55' lang='lat' dir='ltr'>Deiseonstlio</span> <span class='ocrx_word' id='word_1_271' title='bbox 733 3547 881 3631; x_wconf 82' lang='lat' dir='ltr'>refragari.</span> <span class='ocrx_word' id='word_1_272' title='bbox 904 3547 951 3610; x_wconf 87' lang='lat' dir='ltr'>Eii</span> <span class='ocrx_word' id='word_1_273' title='bbox 967 3548 1044 3610; x_wconf 88' lang='lat' dir='ltr'>enim</span> <span class='ocrx_word' id='word_1_274' title='bbox 1058 3547 1098 3610; x_wconf 76' lang='lat' dir='ltr'>ic</span> <span class='ocrx_word' id='word_1_275' title='bbox 1115 3547 1229 3630; x_wconf 81' lang='lat' dir='ltr'>quidem</span> 
     </span>
     <span class='ocr_line' id='line_1_35' title="bbox 276 3641 1228 3729; baseline 0.001 -23"><span class='ocrx_word' id='word_1_276' title='bbox 276 3647 381 3708; x_wconf 81' lang='lat' dir='ltr'>naruti</span> <span class='ocrx_word' id='word_1_277' title='bbox 391 3663 580 3729; x_wconf 75' lang='lat' dir='ltr'>comparatur</span> <span class='ocrx_word' id='word_1_278' title='bbox 592 3645 719 3709; x_wconf 79' lang='lat' dir='ltr'>hominis</span> <span class='ocrx_word' id='word_1_279' title='bbox 731 3645 865 3716; x_wconf 74' lang='lat' dir='ltr'>animur,</span> <span class='ocrx_word' id='word_1_280' title='bbox 881 3659 934 3719; x_wconf 92' lang='lat' dir='ltr'>ut,</span> <span class='ocrx_word' id='word_1_281' title='bbox 947 3641 998 3704; x_wconf 88' lang='lat' dir='ltr'>ubi</span> <span class='ocrx_word' id='word_1_282' title='bbox 1014 3641 1228 3722; x_wconf 77' lang='lat' dir='ltr'>aliquantulum</span> 
     </span>
     <span class='ocr_line' id='line_1_36' title="bbox 275 3733 1228 3823; baseline -0.001 -25"><span class='ocrx_word' id='word_1_283' title='bbox 275 3736 306 3799; x_wconf 84' lang='lat' dir='ltr'>se</span> <span class='ocrx_word' id='word_1_284' title='bbox 322 3742 526 3802; x_wconf 84' lang='lat' dir='ltr'>commoverit</span> <span class='ocrx_word' id='word_1_285' title='bbox 545 3741 757 3823; x_wconf 78' lang='lat' dir='ltr'>ingeniumque</span> <span class='ocrx_word' id='word_1_286' title='bbox 773 3735 931 3801; x_wconf 82' lang='lat' dir='ltr'>excuiserit</span> <span class='ocrx_word' id='word_1_287' title='bbox 945 3733 1052 3810; x_wconf 84' lang='lat' dir='ltr'>suum,</span> <span class='ocrx_word' id='word_1_288' title='bbox 1073 3735 1228 3798; x_wconf 69' lang='lat' dir='ltr'>maximam</span> 
     </span>
     <span class='ocr_line' id='line_1_37' title="bbox 276 3825 1229 3920; baseline -0.006 -24"><span class='ocrx_word' id='word_1_289' title='bbox 276 3825 307 3896; x_wconf 73' lang='lat' dir='ltr'>ei</span> <span class='ocrx_word' id='word_1_290' title='bbox 321 3829 457 3920; x_wconf 79' lang='lat' dir='ltr'>praebeat</span> <span class='ocrx_word' id='word_1_291' title='bbox 476 3831 509 3892; x_wconf 79' lang='lat' dir='ltr'>iit</span> <span class='ocrx_word' id='word_1_292' title='bbox 529 3829 726 3900; x_wconf 83' lang='lat' dir='ltr'>suaviffimam</span> <span class='ocrx_word' id='word_1_293' title='bbox 743 3829 929 3916; x_wconf 77' lang='lat' dir='ltr'>uoluptatem</span> <span class='ocrx_word' id='word_1_294' title='bbox 945 3842 1046 3890; x_wconf 80' lang='lat' dir='ltr'>rerunt</span> <span class='ocrx_word' id='word_1_295' title='bbox 1059 3845 1151 3910; x_wconf 77' lang='lat' dir='ltr'>quqm</span> <span class='ocrx_word' id='word_1_296' title='bbox 1165 3827 1229 3912; x_wconf 80' lang='lat' dir='ltr'>piu·</span> 
     </span>
    </p>
   </div>
   <div class='ocr_carea' id='block_1_6' title="bbox 0 0 1336 4742">
    <p class='ocr_par' dir='ltr' id='par_1_14' title="bbox 0 0 1336 4742">
     <span class='ocr_line' id='line_1_38' title="bbox 0 0 1336 4742; baseline 0 3"><span class='ocrx_word' id='word_1_297' title='bbox 0 0 1336 4742; x_wconf 95' lang='lat' dir='ltr'> </span> 
     </span>
    </p>
   </div>
  </div>
 </body>
</html>
