2662 4742
217 161 229 218 l

111 365 113 368 ’
166 373 168 378 ’
257 417 357 482 ¹130»
395 395 726 464 suuraurunuu
743 360 1148 469 ruruosouucnnuu

294 559 420 624 rumque
437 540 552 624 origiue
564 559 583 606 e
596 539 695 606 sertsus
711 537 776 606 five
791 542 951 626 corporei,
970 542 1031 608 live
1049 544 1178 622 interni,
1193 556 1267 629 perd

292 635 480 716 ceptionibus
492 635 666 721 repetenda,
679 634 896 718 praenoscentia
909 635 995 713 sunt,
1011 638 1093 701 hunc
1107 637 1211 700 locum
1223 641 1263 702 de

290 747 389 792 rerum
413 727 641 806 Relationibur,
664 730 696 792 in
715 731 825 814 quium
845 730 1043 812 percipiendis
1066 733 1190 815 propria
1211 735 1263 798 vis

200 875 206 904 ,
290 820 470 886 iudiciorum
491 819 582 896 inest,
610 823 687 885 bene
707 839 917 908 perpurgatum
940 821 998 887 esse
1018 825 1263 910 expeditumque

223 989 228 1003 Ι
291 915 400 979 debere
416 915 465 991 ei,
483 916 538 998 qui
556 914 593 978 de
612 906 818 978 scutularum
837 913 974 978 Veritate
990 915 1146 980 iudicanda
1165 913 1281 1000 gene-'

289 1008 360 1072 ralia
376 1009 538 1092 quaedam,
559 1025 658 1092 eaque
674 1027 736 1074 uon
753 1010 853 1072 minut
869 1006 977 1086 firma,
998 1027 1089 1094 quam
1107 1010 1261 1090 diludda,

289 1121 448 1190 praecepta
463 1103 649 1185 cognoscere
663 1103 803 1166 voluerit.

328 1196 396 1264 XII.
410 1197 472 1262 lant
488 1196 560 1262 srcut
570 1215 715 1283 quaerere
725 1197 763 1262 de
777 1216 809 1260 re
821 1196 903 1261 nulla
913 1194 1087 1280 possumus,
1100 1197 1158 1262 uis
1170 1198 1259 1264 cuius

288 1289 441 1354 nunonem
452 1289 581 1375 aliquam
592 1309 691 1354 mente
702 1305 888 1371 anteceptam
901 1291 1082 1364 dabamus,
1096 1292 1258 1356 notionem

82 1387 86 1400 ’
179 1415 191 1428 ¹
228 1436 231 1444 ,
286 1403 387 1448 aurem
404 1386 530 1469 nqllam,
551 1405 590 1450 ue
607 1385 748 1468 fingendo
763 1385 899 1468 quidem,
923 1383 1084 1448 infumare
1099 1385 1260 1473 valemus,

287 1477 341 1544 ulfi
360 1501 438 1566 quae
455 1481 505 1546 rel
522 1481 587 1544 talis
603 1481 743 1554 omnino,
766 1480 885 1562 qualem
903 1497 971 1543 ram
989 1477 1203 1564 concipimur,
1221 1479 1259 1546 st

286 1573 371 1640 sensu
388 1577 519 1661 quodam
539 1577 575 1640 ad
592 1593 648 1639 nor
664 1575 777 1652 delata,
795 1575 848 1638 vel
864 1593 903 1638 ax
921 1574 957 1638 iia
973 1573 1165 1654 notionibus,
1179 1596 1257 1660 quar

286 1687 340 1752 per
352 1666 463 1732 sensum
476 1667 659 1751 accepimus,
671 1663 707 1730 st
718 1666 947 1750 componendo,
963 1665 1146 1745 diuidendo,
1158 1686 1257 1732 mam·

287 1761 442 1846 ponendo,
457 1760 685 1844 amplificando,
706 1779 759 1823 aur
776 1759 881 1824 harum
899 1757 1040 1824 umidum
1057 1762 1168 1824 mentia
1183 1779 1256 1844 ope-

286 1855 466 1934 rationibus,
477 1855 592 1930 effisla3
605 1855 688 1938 quod
699 1854 819 1938 quidem
830 1853 925 1936 ipsum
936 1855 1088 1936 negotium
1101 1855 1255 1941 suscipere

286 1969 347 2013 uon
363 1948 528 2032 possemus,
543 1948 593 2014 nisi
610 1948 700 2032 ipsus
712 1947 953 2031 compositionis,
969 1947 1144 2027 divifionis,
1159 1965 1255 2014 mana-

286 2039 442 2126 positionis
452 2043 512 2106 dcc.
525 2040 659 2125 exempla
670 2059 761 2124 arque
772 2039 930 2124 specimina
941 2059 978 2104 er
989 2041 1052 2106 aliia
1060 2042 1152 2108 rebus
1161 2091 1171 2120 ,
1181 2063 1255 2127 quar

285 2135 407 2198 antehac
418 2133 577 2198 obseruare
588 2135 690 2210 licuit,
709 2135 897 2220 cepissemus:
911 2134 952 2200 sc
967 2155 1131 2220 numquam
1147 2141 1179 2202 in
1192 2143 1255 2204 aui·

286 2248 368 2292 mum
379 2227 511 2292 nostrum
523 2227 594 2293 hacc
605 2229 711 2294 intrare
722 2225 863 2312 potuiset
874 2230 1036 2314 cogitatio,
1052 2249 1087 2294 ut
1096 2251 1256 2315 quaerere·

285 2341 369 2399 mur,
383 2345 436 2406 qua
449 2322 548 2385 ratione
560 2339 659 2386 rerum
674 2341 788 2399 earum,
804 2341 932 2406 quarum
943 2322 1080 2388 notiones
1088 2323 1264 2406 habemas,

280 2419 439 2502 sedabant
453 2416 677 2494 nummulos,
698 2435 752 2484 aut
767 2420 1114 2502 quonammodufinusiar
1128 2425 1252 2484 adesses

285 2510 418 2593 adsetlm
433 2531 531 2597 neque
545 2533 634 2590 vero,
650 2513 701 2577 vel
716 2512 868 2598 fingendo,
884 2513 1057 2577 relationem
1073 2514 1163 2578 ullam
1179 2517 1253 2580 inter
1271 2563 1273 2566 -

285 2609 358 2672 duaa
372 2625 420 2672 reu
433 2628 654 2694 quascumque,
671 2625 747 2694 quaa
760 2606 912 2692 separatim
926 2611 1113 2693 cogitamus,
1127 2611 1253 2676 interue-

284 2699 402 2765 dentem
420 2697 568 2786 poliemus
587 2701 767 2788 intelligere3
788 2697 840 2781 nis
857 2702 1034 2785 quatumvis
1051 2703 1248 2782 relationum,

283 2812 357 2876 quar
374 2811 475 2858 mente
495 2793 698 2877 concipimur,
721 2809 775 2858 rut
796 2796 836 2856 de
857 2793 965 2876 quibus
983 2813 1130 2878 quaerere
1150 2795 1249 2872 subit,

281 2890 397 2972 primae
407 2887 551 2972 quaedam
562 2889 702 2954 notiones
715 2889 748 2954 dt
762 2873 1249 2974 inchoataelnteligeuriaealiquo

283 2981 366 3067 quast
378 2977 586 3046 sensusuislent
596 2983 686 3048 menti
698 2980 817 3049 noslrae
829 2981 956 3044 oblatae.
974 2981 1125 3065 Siquidem
1132 2986 1248 3067 sensum,

285 3095 435 3160 quatenus
449 3077 508 3142 hoc
524 3077 647 3141 nomine
663 3071 816 3138 subfidium
835 3073 954 3158 aliquod
969 3066 1005 3139 ad
1022 3095 1125 3141 rerum
1138 3083 1247 3164 cogui-

284 3169 397 3234 tionem
406 3191 425 3234 a
435 3169 635 3234 naturanobis
641 3169 741 3232 darum
751 3165 947 3252 stgraificatur,
957 3183 1063 3232 notum
1073 3169 1117 3232 esi
1126 3191 1247 3238 omnem

282 3263 341 3328 dici
356 3263 544 3360 sapultarem,
561 3283 622 3347 qua
641 3261 799 3326 iustrudlus
813 3257 854 3324 esi
871 3259 965 3325 lromo
977 3263 1014 3324 ad
1028 3265 1248 3348 percipiendae,

281 3381 410 3426 ererum
421 3359 602 3424 obiediarum
614 3355 756 3434 occursu,
771 3357 916 3422 citumodi
932 3355 1014 3422 idear
1027 3358 1245 3444 uoriouteque,

244 3477 262 3538 χ
281 3471 358 3538 quas
371 3451 433 3536 ipse
446 3471 499 3537 per
514 3453 563 3527 se,
578 3452 699 3534 propria
713 3451 844 3526 uirtute,
858 3449 943 3514 nullo
958 3449 1051 3516 modo
1065 3451 1181 3535 fingere
1192 3473 1246 3538 pu·

230 3603 234 3612 .
281 3562 380 3611 tuerat
392 3546 523 3621 animus,
542 3563 657 3628 quasve
668 3561 831 3628 numquam
844 3541 1006 3607 informare
1018 3542 1244 3628 potuissemus

279 3639 393 3707 suerint
408 3643 444 3708 ad
459 3660 547 3719 eum,
562 3659 630 3704 cum
646 3639 783 3724 patientie
799 3638 893 3724 magis
909 3655 1001 3724 arque
1017 3639 1185 3722 accipientis
1199 3639 1244 3702 vi·

279 3757 362 3815 tem,
373 3758 460 3822 quam
470 3737 581 3821 agentis
589 3754 641 3800 aur
649 3735 803 3802 efficientis
814 3736 924 3820 aliquid
936 3736 1112 3816 sustineret,
1122 3735 1242 3800 delatae.

279 3830 404 3911 Quare,
413 3830 663 3919 quemadmodum
673 3828 897 3916 complexurum
906 3829 1099 3916 quartumvir,
1111 3847 1187 3916 quas
1198 3827 1243 3892 di·
