2674 4730
272 356 314 438 84
441 351 1069 424 EXERCITATIONES

271 525 353 570 mus:
371 518 466 586 neque
483 517 582 562 tamen
598 497 712 562 idcirco
732 499 896 584 culpandus
914 519 1099 586 magnopere
1112 499 1233 566 Aaou.

270 615 334 664 ttus
347 596 443 660 luerat
461 595 599 669 sumtus,
621 595 728 656 nedum
743 595 833 678 plagii
846 596 1035 678 arguendus3
1052 597 1166 680 qnippe
1181 597 1232 679 qtti

268 692 329 774 ipse
347 689 377 752 in
393 685 565 770 Praesnione
586 683 697 768 Operis
714 685 757 750 lui
772 703 835 748 non
855 686 934 750 aliud
954 685 1008 750 fibi
1024 687 1165 751 muitum
1178 687 1231 750 tti-

266 791 350 866 buit,
367 785 419 850 nist
434 787 464 848 id
484 781 592 865 ipsum,
611 781 695 866 qood
711 780 776 844 illas
793 798 894 844 rerum
909 779 1120 846 Romanarum
1134 781 1231 846 ulbo-

265 887 341 958 rias,
359 881 398 946 ab
416 879 479 942 aliis
497 874 664 960 permultis,
685 891 747 939 tant
760 873 903 951 Graecis,
923 895 1014 960 quam
1034 875 1149 942 Latinis
1161 875 1230 942 scri-

266 979 404 1066 ptoribus
419 970 587 1058 espobtas,
603 971 635 1036 in
652 970 732 1034 bunc
746 969 925 1052 potiffitnum
943 971 1099 1048 ordinato,
1113 970 1229 1056 quiipfi

266 1073 448 1166 peculiarem
461 1065 589 1150 aliquam
606 1063 640 1127 tr
658 1063 905 1126 commoditatem
923 1062 957 1127 or
975 1061 1154 1126 suavitatem
1169 1062 1231 1128 uti·

264 1169 436 1252 litattmque
453 1161 606 1226 videbantr
622 1157 738 1222 leston
755 1157 921 1236 adlaturus,
941 1157 1100 1242 digellerit.
1126 1159 1228 1242 Atque

263 1261 354 1350 ipsam
372 1259 450 1323 illam
467 1253 668 1320 admirabilem
686 1253 831 1316 Aratttn
852 1268 961 1328 artem,
980 1270 1072 1334 quam
1091 1252 1124 1312 in
1143 1249 1228 1314 mdi-
1280 1253 1286 1260 '

263 1357 360 1422 rnnda
370 1351 586 1438 dignandaque
600 1345 771 1430 amplillima
784 1344 940 1409 universae
949 1343 1097 1408 Historiae
1110 1343 1229 1408 Roma-

262 1469 325 1516 nae
336 1445 457 1510 materia
472 1439 707 1517 demonstravit,
726 1437 1040 1522 lutttlentiffimamque
1060 1440 1228 1514 uriom,

262 1565 324 1632 qua
341 1541 463 1608 modicis
480 1533 656 1626 quibusdam
676 1533 880 1598 voluminibus
897 1533 1046 1598 inlinitum
1067 1553 1164 1619 paene
1177 1553 1227 1596 η.

262 1650 436 1720 gumentum
452 1627 585 1704 intlulit.
597 1627 730 1712 quisquis
742 1626 926 1692 ooobtlerare
940 1647 977 1691 at
996 1628 1089 1712 paulo
1103 1629 1227 1712 aequin

225 1728 240 1783 ·‘
261 1731 403 1795 teaninto
417 1722 568 1788 aestimare
580 1722 726 1800 voluerit}
739 1741 797 1787 nae
807 1723 847 1802 in,
858 1723 981 1787 dubium
992 1720 1126 1803 nonen,
1136 1723 1225 1806 quin,

261 1821 350 1887 livel
365 1835 469 1884 omnes
485 1817 527 1879 illi
540 1814 704 1893 tuone,
721 1833 740 1877 e
759 1816 866 1900 quibos
881 1814 965 1880 suum
983 1834 1062 1898 opus
1080 1813 1225 1900 oongeffir

269 1920 458 1990 sortitus,
472 1913 579 1996 integri
590 1913 751 1976 etiamnum
762 1910 868 1974 nolitis
882 1913 1062 1976 inmanibus
1074 1913 1224 1978 ναίω

165 2017 169 2028 ’
262 2025 330 2085 tut,
354 2005 447 2070 nihilo
469 2005 753 2070 ledusiudicatuttts
767 2003 856 2081 elles,
874 2003 1052 2088 fingulartnt
1066 1999 1222 2088 quamdam

262 2102 385 2184 gratiani
405 2099 443 2160 ab
457 2099 597 2161 omnibus
610 2097 765 2164 Romanae
783 2095 921 2162 historiae
938 2093 1074 2162 studiobs
1089 2097 1223 2181 Scripto-

259 2209 323 2255 tem
342 2189 471 2252 nostrum
485 2189 702 2256 commeruiffe.

301 2277 361 2344 lx.
377 2277 439 2342 lant
453 2299 549 2356 vtro,
567 2281 651 2363 quod
664 2281 696 2344 in
713 2281 933 2366 antiquioribus
945 2281 1165 2366 Scriptoribtts,
1183 2279 1221 2345 sa·

260 2393 297 2438 nt
310 2371 536 2456 reprebenbooe
549 2389 585 2434 at
604 2372 681 2435 citra
700 2373 790 2456 plagii
810 2374 949 2458 culpam,
967 2372 1065 2438 laten
1086 2392 1222 2456 potuerat

260 2466 450 2540 bertraus,
462 2465 489 2526 id
507 2481 577 2528 eunt
593 2481 632 2526 ne
645 2463 677 2524 in
693 2463 742 2528 bis
757 2463 876 2556 quidem
893 2465 945 2530 libi
962 2465 1121 2552 permifille
1138 2465 1221 2531 facile

259 2560 373 2624 ostendi
388 2557 495 2642 potest.
517 2559 594 2622 Natn
612 2559 758 2643 primum,
775 2579 870 2644 quum
887 2561 919 2623 in
929 2579 1036 2626 eorum
1054 2561 1220 2626 tuborum

145 2703 150 2710 -
260 2673 402 2732 numero,
419 2657 528 2738 qulbus
543 2657 719 2720 Arruntis
733 2653 803 2720 usus
814 2655 1049 2733 annotamus
1068 2657 1220 2736 fuerin&

144 2757 153 2772 ⁶
261 2755 349 2818 cuins
362 2749 500 2816 Historiis
517 2771 623 2836 magna
637 2771 704 2836 para
720 2752 756 2815 ad
772 2753 901 2816 nollram
919 2771 1049 2818 aetatem
1068 2757 1220 2838 perventu

260 2848 368 2932 (equo
382 2847 489 2911 eobtm
507 2845 660 2932 §triptota
677 2845 797 2921 Nollet,
813 2845 967 2929 siquidem
980 2849 1008 2909 ei
1020 2846 1141 2912 solenne
1153 2847 1219 2912 fuis·

258 2941 301 3004 ser
316 2961 353 3005 es
372 2938 431 3006 suis
450 2941 622 3006 anbiotibtts
646 2939 773 3002 maiores
796 2939 934 3023 quasdam
956 2941 1127 3006 minoresve
1147 2943 1220 3007 laci·

258 3036 348 3111 nias„
360 3053 422 3098 non
434 3034 553 3098 laudato
565 3032 693 3098 ruboris
712 3032 847 3108 nomine,
864 3031 920 3097 suis
931 3031 1219 3112 hilloriisintesere.

257 3127 361 3190 eadent
379 3129 495 3193 ratione
511 3129 561 3200 vel
577 3127 610 3192 in
631 3127 732 3212 primis
750 3127 843 3190 molta
856 3127 886 3190 in
909 3125 961 3192 sua
976 3127 1138 3194 transferte
1152 3131 1219 3196 scri·

258 3225 308 3284 nia
321 3222 498 3305 debueran)
516 3240 555 3286 ex
570 3225 674 3286 malem
688 3221 779 3304 igitur
789 3221 937 3287 Potanto
948 3223 1019 3287 nihil
1031 3226 1177 3310 quidquam
1188 3231 1217 3290 in

257 3315 319 3380 nlla
334 3316 535 3379 Historiarum
554 3313 669 3378 suarum
687 3333 769 3396 pant
781 3318 933 3380 uterinas
947 3318 1101 3403 descripfiffi
1115 3321 1218 3386 Aux-

259 3425 431 3474 annutans
446 3407 544 3472 noller
558 3407 795 3488 deprehenditur.
816 3408 899 3473 Tum
915 3431 1004 3488 veto,
1020 3413 1105 3494 quod
1120 3415 1219 3480 adens

258 3503 405 3568 bartam
416 3505 541 3565 Aream
553 3503 678 3576 adtinet,
688 3519 820 3584 quornm
832 3503 870 3566 ad
882 3521 939 3568 nos
952 3525 1147 3572 monumenta
1157 3527 1218 3574 non

257 3615 477 3680 pervenerunt3
493 3599 523 3662 in
541 3597 597 3662 ill'o
613 3615 674 3661 nott
692 3597 782 3682 magis
798 3598 827 3662 ei
838 3599 978 3685 placuille
997 3603 1124 3670 ratr'om
1144 3629 1216 3680 aaa,

256 3693 373 3771 quaesi
384 3693 558 3776 exprobrari
577 3691 668 3771 solet,
685 3698 725 3756 ad
733 3695 913 3758 mandor
927 3695 1103 3782 dasenbendr‘,
1120 3715 1217 3780 neque

256 3799 324 3844 eam
340 3786 485 3850 tationem
497 3805 621 3870 usquam
634 3786 675 3852 ab
686 3787 747 3854 bot
759 3785 923 3872 Scnptort,
942 3788 973 3852 ln
986 3789 1025 3855 iis
1037 3791 1160 3874 quinem
1171 3791 1219 3858 la'·
