2664 4732
361 417 715 486 socntnrn
963 415 1023 503 tq

49 562 177 630 intense
191 562 600 649 tighdiariconsuerilsent‚
618 565 655 628 ad
670 562 799 628 honiuir
814 563 1023 647 humanaeque

49 675 180 726 nanctae
207 657 410 722 conditionem
436 657 678 740 investigationes
703 657 769 721 luat
790 675 1024 735 converteretur

49 751 195 832 adeoque
209 749 271 814 hac
284 749 442 834 patesadil,
463 751 535 833 quid
550 751 665 815 lanuini
678 748 875 833 sequendum,
888 753 958 836 quid
972 751 1023 818 su·

50 845 198 924 giendum
214 843 268 920 sir,
279 863 346 927 quo
361 843 469 908 llabilia
484 842 625 910 feffitatis
634 845 781 928 particeps
796 844 954 921 fitr‚rudes
967 845 1025 910 lto·

50 935 168 999 ninum
187 935 313 999 animos
330 935 519 1000 inlliruetent.
550 935 686 1002 Snmtoe
703 937 793 1019 igitur
809 937 920 1019 primus
939 951 1026 1016 erat,

50 1027 101 1106 qui
118 1027 262 1092 divinam
279 1029 354 1094 hanc
371 1027 612 1114 Philosophiam,
629 1049 707 1112 quae
717 1048 834 1094 morum
846 1031 1024 1100 emendatio·

8 1287 9 1290 ψ
51 1121 1024 1302 ltltdlltzllzldlllnllldtllltlil

52 1309 155 1370 ruerit.
168 1307 354 1410 ¹Superllitio
366 1329 440 1372 veto
450 1327 468 1372 a
480 1311 592 1375 renuis
605 1313 741 1375 omniunt
753 1311 859 1374 animle
871 1310 964 1374 veluti
975 1311 1024 1373 iu-

54 1401 120 1476 lita,
131 1400 347 1484 sophistarum
362 1403 446 1468 malis
453 1403 565 1466 artibus
574 1403 691 1467 firmata
701 1405 734 1468 dt
745 1404 951 1480 corroborata,
964 1420 1026 1466 tna·

52 1492 152 1558 inrum
163 1495 349 1559 audioritate
361 1495 511 1580 augustant
523 1498 678 1580 quamdam
691 1496 880 1580 sandiantque
892 1493 1024 1560 maiella·

53 1603 112 1648 tem
128 1587 240 1666 nadla,
258 1587 300 1650 ita
313 1587 388 1651 altas
401 1590 478 1671 apud
499 1589 623 1674 vulgum
640 1591 756 1656 radices
771 1609 888 1674 egerat,
904 1605 954 1664 ut,
968 1589 1025 1670 qui

54 1677 244 1764 petspcdlutn
260 1681 365 1755 habet,
382 1700 493 1766 quanta
506 1686 666 1750 tenacitate
677 1685 853 1770 opiniones,
867 1703 943 1768 quas
952 1700 1024 1746 cunt

55 1771 126 1838 lade
139 1774 279 1840 nutricio
296 1773 378 1858 quafi
397 1773 547 1850 suximus,
567 1776 619 1838 ubi
638 1777 818 1859 provedliori
833 1792 930 1840 aetate
946 1775 1024 1838 altae

56 1867 281 1932 &sustentatae
291 1865 357 1944 flur,
368 1865 601 1944 defendantut,is
612 1866 953 1953 facleintdligat,quanr
965 1865 1025 1929 dis·

56 1960 169 2028 ficulter
186 1963 324 2028 inaudita
340 1981 426 2029 antea
442 1961 575 2028 Socratis
593 1959 727 2025 dodirina
745 1965 822 2045 apud
837 1965 1023 2026 Athenarum

55 2056 137 2120 cives
144 2057 314 2142 hospitium
322 2055 457 2120 invenite
466 2053 608 2118 debuerit.
625 2053 826 2119 Evellendadt
836 2053 1023 2138 exilitpande

56 2165 92 2212 ex
107 2169 216 2214 eorum
236 2151 345 2214 animia
361 2165 427 2212 erat
444 2149 620 2234 opinionum
636 2148 675 2213 de
692 2149 780 2212 rebus
802 2149 837 2212 ad
851 2149 1023 2232 tdigionent

56 2241 262 2326 spoliantibus
272 2246 346 2307 rnira
363 2241 560 2326 perversus3
572 2241 760 2326 quoseuten,
774 2243 898 2326 quodin
913 2258 1021 2306 eorum

57 2339 169 2404 anione
187 2339 255 2427 ipse
271 2339 433 2422 spargeret,
453 2339 560 2404 arelius
582 2337 757 2421 feliciusque
772 2338 971 2418 efflorescere,
988 2341 1022 2404 dt

56 2430 185 2515 aliquam
201 2433 322 2500 tandetn
337 2434 486 2500 srudluunr
504 2431 619 2500 melsent
633 2435 710 2500 set-te
723 2433 827 2518 pollet.
844 2435 915 2510 Sed,
929 2455 1021 2519 quant

57 2544 142 2612 aegre
156 2532 236 2598 ltaec
252 2531 378 2596 sublimis
393 2531 547 2597 hominurn
563 2533 679 2595 animos
694 2530 874 2616 emendatrix
887 2528 1023 2614 philolo·

56 2623 122 2702 pltia
134 2647 188 2710 per
200 2647 286 2694 atras
296 2625 508 2712 superstitionis
518 2643 651 2712 penetret
663 2627 778 2704 nuber,
790 2625 924 2690 omnium
933 2622 1022 2688 secu·

56 2713 151 2782 lnturn
162 2721 349 2806 experientia
360 2719 479 2786 evincit.
656 2747 657 2750 ¹
741 2776 746 2789 .

94 2813 188 2880 Aliud
205 2817 411 2900 irnpedlnrenri
425 2833 518 2899 genus
535 2811 566 2878 in
581 2811 694 2878 summa
713 2811 834 2876 illorum
850 2825 1021 2893 tempotum

58 2904 179 2976 levitate
195 2931 378 2996 moriturque
391 2911 559 2994 corruptela
579 2927 643 2974 etat
656 2910 800 2990 politum.
828 2906 864 2970 In
880 2922 963 2968 tanta
977 2904 1025 2966 ni·

59 3001 162 3066 ninum
177 3006 261 3068 vitae
278 3005 410 3080 licentia,
430 3020 542 3086 quanta
560 3002 620 3066 ltoc
635 3003 730 3085 viguit
747 3017 845 3073 aevo,
861 2997 883 3060 si
901 3013 1022 3059 ntorum

59 3095 191 3178 nagifler
205 3097 289 3164 bnnd
305 3099 410 3161 nte'ntln
425 3098 526 3160 indole
538 3095 709 3177 ingeniique
725 3093 882 3175 sagacitate
895 3085 1022 3166 duduc,

59 3201 92 3248 ιιι
103 3191 138 3252 ad
152 3193 310 3257 meliorent
326 3191 461 3254 ltnntiner
474 3205 602 3253 revocet
618 3189 717 3262 vicu,
732 3185 892 3252 interillos
906 3181 1023 3264 surgere

61 3280 185 3360 audeat,
201 3303 262 3366 qua
278 3282 328 3366 spe
342 3281 420 3346 nisus
435 3280 648 3364 aliquantulum
662 3277 853 3344 emolumenti
869 3273 929 3338 suis
942 3291 1026 3358 prae·

60 3373 246 3453 teptionibur
265 3377 295 3438 in
317 3375 452 3440 hominen
473 3375 504 3439 se
525 3375 726 3438 derivatumnr
743 3370 798 3434 nbi
816 3366 1025 3454 persuadebit?

63 3461 161 3545 Quem
177 3488 257 3532 vero
272 3471 365 3552 tnagis
381 3469 653 3554 fugiuntquafique
676 3467 893 3532 exhorrescunt
910 3462 1027 3548 perditi,
1070 3472 1073 3478 ’

62 3553 215 3636 luxuriosi,
229 3564 372 3644 omnique
381 3563 547 3628 lubidinunt
558 3565 660 3647 generi
669 3563 765 3637 dediti,
779 3579 870 3643 quatu
881 3577 962 3634 eum,
975 3557 1027 3640 qul

63 3649 242 3720 lubidinibut
256 3653 339 3715 sren'a
356 3655 495 3731 iniicere,
511 3655 544 3719 dt
560 3655 597 3717 ad
614 3654 762 3717 saniorem
779 3653 861 3715 vitae
877 3651 1023 3714 tationem

13 3759 18 3766 ·
63 3747 230 3834 meliusque
244 3747 404 3812 inllitutunt
419 3751 527 3813 reverti
539 3748 605 3812 illos
616 3749 713 3824 iubet,
739 3748 955 3831 hortaturque,
974 3761 1026 3822 ut,

65 3849 228 3914 sementare
245 3847 302 3914 lue
320 3845 453 3928 uitur,
471 3845 618 3912 tationem
633 3846 666 3908 in
681 3841 833 3910 confilium
840 3843 1024 3912 adhibeant?
