2674 4730
294 387 336 450 82
468 377 1097 462 Exunclunnlonsss

294 531 383 599 datu't
401 535 595 612 nunninus,
608 553 666 615 pto
677 535 799 598 mediocri
814 528 995 596 modun&
1010 533 1140 616 exiguae
1153 529 1255 608 andio—

293 631 387 694 titatis
404 629 552 714 Scriptoce
570 631 693 692 habeam
710 646 801 711 atque
819 629 880 712 ipse
900 627 1077 690 denunciem
1095 624 1255 700 Nostrum,

291 726 361 808 qui,
376 744 476 788 cume
497 722 583 788 sonte
594 726 713 788 haurite
732 719 872 799 licuisset,
891 723 1032 804 proximo
1042 735 1173 800 quoque
1190 717 1255 780 tivo

292 811 391 879 suisset
408 835 586 893 contentuc;
606 834 697 900 atque
714 833 748 880 ut
765 835 879 900 porro,
909 813 932 878 fi
950 816 983 875 in
1001 815 1038 876 iit
1056 812 1164 888 rebus,
1180 827 1256 894 quae

290 895 467 990 eneiutddnt
479 909 675 972 Ptutnncut
690 907 867 971 audacitate
879 907 909 968 in
926 904 1070 969 Historias
1082 903 1154 966 suas
1164 921 1257 966 trans·

190 1024 202 1076 ς
291 1003 387 1068 tulisse
399 1006 573 1069 dontinus
590 1004 842 1088 deprehendatur,
862 1025 894 1064 ne
907 1023 998 1064 nom
1015 1001 1118 1083 quida
1134 997 1254 1082 Sernin-

290 1101 349 1176 n's,
369 1119 444 1164 sint
464 1118 657 1176 Aconteus,
677 1100 719 1162 cni
729 1097 785 1178 sita
797 1097 929 1170 desum,
947 1094 1091 1168 laudavit,
1116 1109 1181 1156 non
1198 1093 1255 1154 nti-

220 1223 226 1256 t
290 1213 348 1258 nne
363 1193 443 1258 ultro
452 1193 588 1278 equidem
605 1189 871 1266 simeonoeiiutus,
885 1188 1123 1253 tenendam
1141 1187 1254 1249 issum

234 1299 237 1318 ·
286 1284 382 1366 fiscum
402 1281 488 1348 suiffe
506 1305 524 1348 a
543 1284 613 1348 vitia
631 1283 723 1349 dodiis
734 1282 923 1365 adpellatunt.
1153 1309 1159 1318 ·

333 1375 406 1440 Vll.
425 1375 486 1440 lant
507 1397 584 1442 veto
605 1378 835 1444 consentaneum
859 1375 954 1439 videti
977 1372 1124 1444 debebat,
1153 1387 1190 1434 ut
1208 1368 1253 1446 hi,

291 1470 363 1554 qui,
380 1492 394 1530 ι
411 1472 625 1534 Pavuncuo
650 1471 765 1556 plutino
780 1469 835 1550 sua
854 1471 900 1532 vel
917 1473 956 1531 ad
973 1470 1081 1532 uniunt
1102 1460 1253 1548 descripfiffl

290 1568 510 1639 Annunvn,
530 1567 574 1628 ul
585 1564 680 1645 fasten
693 1567 721 1628 in
736 1567 818 1648 suun
836 1565 911 1646 nsunt
925 1563 1096 1644 eommffi,
1117 1579 1181 1626 non
1201 1561 1252 1621 de·

291 1657 392 1722 finunt
403 1657 548 1736 clamate,
570 1657 709 1742 exemplis
726 1658 879 1721 nonnullis
894 1656 964 1720 satis
978 1655 1067 1719 claris
1086 1671 1180 1736 atque
1190 1652 1253 1735 pia·

291 1753 337 1814 nic
347 1751 561 1817 accusationem
576 1753 654 1816 illam
666 1751 748 1817 suam
759 1751 981 1816 confirmarent.
996 1752 1040 1814 At
1052 1748 1165 1814 assidue
1175 1745 1253 1830 equi-

291 1847 359 1910 dem
378 1865 413 1908 ea
428 1845 563 1929 exempla
578 1863 669 1929 atque
687 1847 852 1910 testimonia
868 1847 949 1932 a'pnd
968 1843 1159 1908 accusatores
1176 1841 1251 1906 scn-

290 1942 385 2024 ptotis
401 1942 489 2006 buius
502 1941 670 2026 requirens3
684 1959 746 2004 non
758 1940 821 2002 stne
834 1940 945 2003 summa
960 1939 1173 2013 admiratione,
1191 1933 1252 1998 uni·

290 2033 416 2112 versos,
435 2033 585 2118 cognovi,
602 2035 681 2097 adeo
698 2031 858 2096 consessum
877 2031 937 2096 sese
950 2051 1035 2095 teum
1046 2031 1177 2108 habete,
1190 2027 1250 2092 cxi-

289 2125 429 2204 ssimasse,
447 2145 480 2190 ut
496 2148 534 2190 ne
549 2130 675 2193 verbum
696 2127 836 2212 quidem,
854 2125 917 2190 five
930 2125 1153 2191 confirmandae
1169 2141 1249 2188 accu-

289 2217 414 2282 sationis
430 2218 545 2297 caussa,
564 2220 626 2285 five
642 2220 843 2284 convincendi
860 2219 924 2296 tei,
946 2217 1148 2282 adiiciendum
1164 2233 1250 2300 puta-

288 2313 527 2378 nnt'Ninnrun
542 2331 648 2378 omnes
663 2314 692 2376 id
709 2312 818 2396 ipsum,
834 2313 916 2396 quod
934 2311 1062 2396 primum
1074 2311 1206 2376 omnium
1220 2309 1248 2370 in

289 2406 495 2490 quaestionem
509 2403 786 2490 dubitationemque
805 2409 910 2471 adduci
929 2407 1082 2484 debebat,
1106 2425 1162 2490 pto
1177 2423 1249 2468 ton-

289 2499 371 2566 sedo
388 2518 477 2586 atque
495 2501 662 2564 indubitato
680 2499 860 2578 sumserunt,
877 2502 1035 2564 Parthicum
1052 2502 1128 2563 islant
1144 2499 1248 2560 mm

283 2593 355 2676 satis
359 2594 487 2678 superque
502 2593 587 2677 plagii
604 2614 708 2676 argum
724 2597 924 2677 convincerequt
942 2598 1152 2688 ᾼΡΝΑΝυκ.
1174 2589 1248 2672 Quo

289 2686 409 2772 pofito,
436 2687 493 2748 iant
510 2686 581 2749 satis
600 2689 765 2770 argumenti
784 2689 885 2751 iisdem
908 2688 1083 2762 videbatur,
1107 2682 1249 2768 nquam
1319 2723 1320 2728 η

289 2798 325 2845 te
342 2780 475 2843 narratio
490 2779 621 2843 eiusdem
639 2781 671 2842 in
689 2781 803 2864 reliqua
823 2780 954 2844 Historia
969 2799 1038 2845 cum
1052 2781 1115 2858 eis,
1128 2774 1249 2861 quacde

290 2876 391 2938 cadent
419 2894 451 2936 te
472 2873 700 2938 Pnucnncmis
720 2876 827 2952 habet,
852 2876 1077 2958 quodammodo
1097 2871 1250 2938 consenti-

260 2967 263 2976 ’
290 2987 357 3050 tet3
370 2990 403 3034 ut
417 2991 479 3034 non
495 2971 621 3056 amplius
641 2973 833 3040 dubitandum
853 2971 911 3035 eise
932 2973 1116 3048 iudicarent,
1133 2971 1205 3053 quin
1219 2967 1248 3028 in
1319 2959 1320 3000 ἲ

239 3139 242 3146 ,
289 3085 325 3128 ea
338 3085 369 3128 te
385 3065 593 3130 Pintmcno
612 3066 733 3135 audone
751 3059 821 3130 usus
838 3063 928 3128 suerit
946 3066 1133 3128 diutinus.
1155 3057 1250 3145 Quod
1314 3047 1320 3088 ‘¹

289 3175 384 3241 genus
402 3159 637 3240 argumentandi,
656 3176 748 3240 atque
766 3157 836 3232 mita
858 3155 928 3220 sane
943 3158 1021 3220 tatio
1047 3155 1249 3240 quaestionem

288 3252 366 3315 hanc
380 3255 411 3314 dt
421 3269 566 3328 etacio,
580 3253 658 3315 cuius
677 3273 735 3315 rcus
749 3255 873 3335 agdattn
885 3253 1097 3327 Annianus,
1118 3250 1250 3313 iudietn-

237 3393 240 3400 Δ
288 3345 336 3420 di,
358 3363 451 3426 quum
470 3343 588 3406 mihi-in
603 3363 657 3408 eos
671 3346 888 3430 magisniudices
901 3347 1066 3408 convenire
1081 3345 1250 3418 videretur,
1319 3371 1320 3412 z

289 3438 342 3520 qui
358 3435 502 3499 insontem
516 3452 602 3497 reum
621 3437 775 3518 incogniti
791 3435 947 3524 &indicta
962 3435 1059 3502 caum
1073 3438 1251 3502 condemna·

288 3550 322 3596 te
340 3529 437 3594 secum
450 3529 657 3607 decrevissent,
681 3552 770 3614 quant
788 3533 818 3596 in
839 3533 913 3610 hos,
930 3535 981 3617 qui
998 3533 1060 3596 stne
1073 3535 1118 3598 ita
1139 3535 1171 3596 dt
1188 3531 1250 3595 stu·
1319 3523 1320 3526 '

287 3623 359 3697 do.
378 3623 419 3686 stc
441 3643 477 3688 ut
489 3627 569 3688 tatio
582 3624 614 3689 dt
636 3625 729 3696 ius&
749 3627 1083 3711 aequitas-postularet,
1104 3628 1250 3712 quaesiio·

181 3723 186 3734 '
250 3763 253 3772 ,
287 3735 356 3778 nent
372 3719 448 3782 islant
464 3719 662 3802 institut-’tenu
677 3723 767 3806 coepi
779 3723 839 3807 ipse
851 3741 920 3786 cutn
930 3721 1090 3786 Anniano
1103 3721 1249 3788 Pium·
1319 3773 1320 3794 ,

288 3826 392 3876 cnunc
403 3815 489 3878 eisin
506 3816 598 3896 locis,
617 3818 727 3902 quibus
739 3821 776 3884 dc
789 3819 901 3884 eisdem
914 3817 1005 3884 rebus
1014 3821 1108 3886 ambo
1124 3819 1250 3907 scripto·
1319 3819 1320 3880 1
