2662 4742
278 379 337 442 ιιι
376 339 704 438 rerumrerum
723 321 1125 430 ernaosornrcaauu

277 518 386 601 quibus
396 515 576 590 iudicamus,
589 512 651 576 srve
665 509 780 584 minua;
795 505 989 587 intelligemus
1000 503 1099 579 forte,
1112 503 1246 568 alterum

274 614 360 678 alteri
377 610 434 675 elle
451 610 635 680 capiundum,
660 621 696 666 ut
712 604 804 666 ambo
812 597 975 684 fimalfint,
993 599 1024 662 u
1042 616 1137 662 uuum
1157 589 1247 660 alteri

276 709 361 784 adsit,
372 693 995 782 adilludvequocumquemotlopertineat.
1013 689 1246 774 Quodquirlem

275 795 425 868 relationis
436 787 532 878 §enus
546 789 678 854 latislime
690 805 779 870 patet.
797 786 1010 868 lntelliguntur
1019 787 1099 868 enim
1112 781 1169 848 alia
1181 785 1249 850 aliie

276 891 396 968 iunsta,
411 892 554 975 primum,
573 905 608 951 ea
625 884 831 967 copulatione,
850 899 931 966 quae
950 879 987 944 acl
1004 879 1132 966 spatium
1149 879 1247 944 refer·

276 987 370 1050 tur&
381 983 576 1066 incorporeis
587 978 751 1044 substantiis
760 976 892 1054 obtinet,
905 974 1010 1058 ellque
1020 995 1072 1039 aut
1084 976 1259 1061 proxima„

276 1078 308 1142 Gt
325 1077 511 1151 immediata,
528 1089 563 1140 ut
582 1074 684 1148 aiunt,
701 1091 791 1156 quam
809 1070 861 1133 vel
879 1071 1074 1154 contiguitatem
1087 1067 1140 1132 vel
1156 1070 1247 1134 mari·

277 1169 401 1236 auitam
417 1187 579 1240 vocamus,
604 1182 655 1229 aut
671 1183 749 1228 vero
765 1167 892 1228 mserum
908 1165 998 1226 tertio
1014 1163 1148 1247 quodam
1164 1163 1247 1224 inter·
1312 1185 1313 1210 ι

238 1287 241 1292 ·
278 1263 362 1324 aredio
371 1259 503 1324 efficitur.
528 1259 596 1322 nlla
612 1276 721 1342 tempere
735 1256 836 1322 saltem
851 1257 959 1334 ianlla5
977 1257 1032 1320 lrac
1042 1258 1095 1333 vi,
1109 1275 1161 1332 ut,
1174 1271 1246 1330 cunr

279 1375 374 1422 unum
392 1354 476 1419 sensu
497 1350 642 1433 praesenti
659 1353 842 1436 percipitur,
862 1349 1044 1433 percipiatur
1060 1349 1150 1414 etiam
1171 1349 1246 1412 alne-

277 1469 362 1525 ιιιιιι,
377 1449 426 1512 vel
438 1449 639 1531 perciperetur
651 1462 755 1520 certe,
776 1445 799 1508 li
816 1462 855 1507 eo
873 1443 992 1525 quide·
1008 1443 1164 1506 intendere
1180 1440 1248 1504 sen·

277 1541 362 1606 sentm
373 1542 466 1604 aciem
478 1540 640 1614 vellemus,
659 1555 711 1602 aut
727 1536 751 1602 fi
767 1555 847 1601 tanta
864 1532 933 1600 esset
949 1535 1058 1600 vitium
1076 1533 1247 1598 nolinrum

279 1631 504 1718 percepericium
518 1634 549 1694 δι
561 1629 703 1694 subtilitas
717 1629 748 1694 lt
761 1631 931 1712 capacitas,
946 1646 980 1693 ut
993 1629 1129 1692 omnium
1145 1643 1246 1690 rerum

184 1791 193 1800 ,
252 1727 528 1810 prumteſsima
539 1724 759 1790 univerfitatem
768 1725 870 1788 liceret
880 1742 945 1788 uno
955 1723 1066 1786 intuitu
1075 1720 1244 1804 oompleiii.

280 1821 372 1896 Alia.
392 1821 423 1884 u
443 1819 473 1883 in
495 1822 551 1884 hoc
570 1818 690 1902 quitlem
710 1835 817 1901 genere
840 1815 1070 1902 frequentillima
1089 1815 1247 1880 versarere

281 1913 437 1978 hominum
454 1910 584 1988 iudicia,
602 1910 659 1973 alia
675 1910 765 1993 igitur
778 1908 876 1974 rursus
889 1911 931 1972 ita
944 1911 1021 1972 inter
1034 1908 1063 1971 se
1076 1908 1178 1972 iunfla
1191 1925 1246 1970 co-

281 2005 439 2088 pulataque
451 2003 676 2088 intelliguntur,
694 2003 770 2068 stcut
784 2005 864 2068 allio
878 2005 1039 2088 quaedam,
1056 2005 1107 2068 val
1126 2001 1247 2086 perpes·

285 2098 349 2175 sto,
367 2097 417 2160 uel
431 2097 546 2160 habitus
559 2098 705 2180 quilibet,
723 2115 774 2162 aut
789 2099 893 2182 agendi
909 2098 1047 2174 facultas,
1059 2099 1112 2162 vel
1123 2099 1246 2182 quaevis

282 2189 409 2272 denique
429 2191 616 2272 proprietas,
640 2205 692 2253 aut
710 2189 838 2272 qualitas
856 2189 1027 2276 quaelibet,
1049 2191 1082 2255 δι
1100 2191 1246 2265 omnino,
1312 2217 1313 2224 ι

276 2281 467 2364 suaequodue's
480 2282 610 2342 Accidens
627 2282 749 2364 pertimet
757 2281 861 2346 dicitur
873 2283 1059 2364 adsulicflum
1070 2299 1182 2364 egem,
1194 2300 1247 2366 pa-
1312 2331 1313 2342 ,

284 2375 376 2449 tiene,
390 2392 442 2436 aut
455 2391 496 2436 eo
508 2371 630 2449 habitu,
648 2393 684 2440 ea
696 2373 857 2449 facultate,
875 2377 1054 2460 proprietate
1066 2375 1247 2458 qualitateve

283 2465 470 2532 iuslauiium.
510 2463 608 2546 Quod
626 2465 649 2530 sr
667 2485 766 2532 autem
788 2471 873 2532 varia
891 2468 1057 2532 substantiis
1078 2467 1246 2532 Accidenria

286 2563 360 2626 inter
374 2561 406 2626 se
417 2557 630 2638 conferuntur,
652 2577 690 2626 ca
704 2561 920 2647 saepenumero
932 2562 988 2626 hac
1003 2561 1121 2624 ratione
1134 2563 1211 2624 inter
1221 2558 1247 2624 se

284 2655 385 2720 iuncia
399 2655 621 2738 intelliguntur,
644 2672 678 2719 ut
693 2675 800 2719 eorum
820 2658 882 2720 duo
901 2655 951 2720 vel
970 2655 1052 2740 plura
1069 2655 1099 2716 in
1117 2655 1183 2719 iden
1199 2679 1247 2720 ea·

286 2749 516 2831 densatim,
535 2750 565 2812 or
582 2749 612 2810 in
628 2766 668 2812 eo
682 2747 765 2832 quali
782 2749 973 2832 copulentur.
1000 2746 1141 2830 Denique
1151 2747 1247 2814 essila

286 2845 364 2912 ratio
375 2863 436 2912 non
448 2845 546 2910 minue
556 2843 713 2927 frequens,
736 2864 797 2929 qua
807 2846 935 2909 duarum
949 2861 1047 2908 terunt
1061 2845 1138 2908 intet
1148 2843 1178 2908 se
1188 2844 1248 2909 col·

287 2941 414 3005 latarum
428 2937 551 3002 alteram
569 2955 679 3020 tenpore
694 2941 855 3014 munden,
873 2939 993 3024 consequa·
1006 2939 1149 3012 alteram,
1165 2937 1247 3004 iurel-

198 3070 200 3084 ι
287 3032 422 3118 liginum
438 3035 469 3098 δι
482 3032 618 3116 idipsum
630 3033 751 3117 quitlem
763 3032 828 3097 stve
841 3033 993 3118 proxime,
1007 3031 1072 3098 sure
1085 3032 1150 3096 aliie
1161 3034 1248 3096 intet-

288 3127 381 3192 ietiia.
400 3125 479 3210 Quo
487 3125 519 3190 in
530 3145 639 3210 genere
650 3127 914 3212 (quemadmodum
924 3128 996 3193 &in
1007 3145 1064 3205 eo,
1078 3146 1143 3208 quo
1154 3142 1247 3190 rerum

288 3221 468 3286 &ansarum
482 3223 511 3286 in
522 3221 616 3306 spatio
624 3221 811 3300 coniunslio,
832 3223 880 3286 vel
891 3220 1051 3287 exsilientia
1064 3221 1249 3296 simultanea,

288 3317 475 3399 continetur)
497 3317 519 3380 fi
539 3318 595 3382 smt
613 3337 660 3384 res
674 3321 782 3403 plures,
802 3339 882 3402 quae
899 3321 975 3384 inter
992 3319 1024 3384 se
1042 3319 1246 3394 conferantur,

289 3411 378 3475 etiam
394 3409 452 3474 ltoc
467 3408 632 3493 speciatur,
649 3433 712 3496 quo
721 3415 809 3476 ordine
821 3415 874 3479 hae
885 3413 945 3480 sese
954 3415 1086 3479 invicem
1096 3415 1245 3496 excipiant.

290 3503 533 3586 Ereiuctiemque
542 3504 661 3587 generis
676 3523 744 3568 cum
754 3507 875 3571 caeteris
886 3505 1133 3590 complicatione,
1148 3501 1247 3568 exiliit

290 3598 364 3662 mira
387 3599 564 3664 relationum
583 3597 839 3684 compotitarum,
866 3603 1024 3684 inquibus
1044 3597 1247 3664 confidenndic

291 3695 398 3760 iudicia
417 3693 515 3758 noslra
534 3695 705 3774 versantur,
727 3697 868 3760 uarietat..
889 3695 998 3772 Velut,
1020 3713 1090 3758 cum
1107 3713 1162 3768 ea,
1178 3707 1248 3774 quae

291 3783 346 3848 filei
369 3801 479 3852 mutuo
499 3785 685 3868 succedunt,
712 3785 906 3864 conseruntur
928 3805 1000 3856 cunt
1020 3787 1125 3874 aliquo
1146 3785 1248 3860 tertio.
