<?xml version="1.0" encoding="UTF-8"?>
<!DOCTYPE html PUBLIC "-//W3C//DTD XHTML 1.0 Transitional//EN"
    "http://www.w3.org/TR/xhtml1/DTD/xhtml1-transitional.dtd">
<html xmlns="http://www.w3.org/1999/xhtml" xml:lang="en" lang="en">
 <head>
  <title>
</title>
<meta http-equiv="Content-Type" content="text/html;charset=utf-8" />
  <meta name='ocr-system' content='tesseract 3.04.00' />
  <meta name='ocr-capabilities' content='ocr_page ocr_carea ocr_par ocr_line ocrx_word'/>
</head>
<body>
  <div class='ocr_page' id='page_1' title='image "./opusculaacademi00schwgoog_0424.png"; bbox 0 0 2692 4730; ppageno 0'>
   <div class='ocr_carea' id='block_1_1' title="bbox 377 451 1046 542">
    <p class='ocr_par' dir='ltr' id='par_1_1' title="bbox 377 451 1046 542">
     <span class='ocr_line' id='line_1_1' title="bbox 377 451 1046 542; baseline -0.006 -18"><span class='ocrx_word' id='word_1_1' title='bbox 377 451 759 524; x_wconf 78' lang='lat' dir='ltr'><strong>INSUIDAM.</strong></span> <span class='ocrx_word' id='word_1_2' title='bbox 992 475 1046 542; x_wconf 68' lang='lat'>195</span> 
     </span>
    </p>
   </div>
   <div class='ocr_carea' id='block_1_2' title="bbox 77 569 1051 872">
    <p class='ocr_par' dir='ltr' id='par_1_2' title="bbox 77 569 1051 872">
     <span class='ocr_line' id='line_1_2' title="bbox 77 569 1049 686; baseline 0.004 -24"><span class='ocrx_word' id='word_1_3' title='bbox 77 569 212 685; x_wconf 62' lang='lat' dir='ltr'>&#39;quidem</span> <span class='ocrx_word' id='word_1_4' title='bbox 228 589 389 664; x_wconf 74' lang='lat' dir='ltr'>u&#39;utinlia&#39;m</span> <span class='ocrx_word' id='word_1_5' title='bbox 407 600 569 666; x_wconf 73' lang='lat' dir='ltr'>oranomm</span> <span class='ocrx_word' id='word_1_6' title='bbox 591 599 621 663; x_wconf 90' lang='lat' dir='ltr'>in</span> <span class='ocrx_word' id='word_1_7' title='bbox 636 597 745 664; x_wconf 82' lang='lat' dir='ltr'>Suidae</span> <span class='ocrx_word' id='word_1_8' title='bbox 760 599 861 666; x_wconf 79' lang='lat' dir='ltr'>codiee</span> <span class='ocrx_word' id='word_1_9' title='bbox 881 617 976 680; x_wconf 80' lang='lat' dir='ltr'>msto,</span> <span class='ocrx_word' id='word_1_10' title='bbox 994 601 1049 686; x_wconf 79' lang='lat' dir='ltr'>qul</span> 
     </span>
     <span class='ocr_line' id='line_1_3' title="bbox 92 690 1049 777; baseline 0.003 -22"><span class='ocrx_word' id='word_1_11' title='bbox 92 692 189 756; x_wconf 83' lang='lat' dir='ltr'>estin</span> <span class='ocrx_word' id='word_1_12' title='bbox 213 690 352 774; x_wconf 74' lang='lat' dir='ltr'>Collegio</span> <span class='ocrx_word' id='word_1_13' title='bbox 373 693 515 776; x_wconf 80' lang='lat' dir='ltr'><strong>Corporis</strong></span> <span class='ocrx_word' id='word_1_14' title='bbox 537 691 645 756; x_wconf 85' lang='lat' dir='ltr'>Chrilii</span> <span class='ocrx_word' id='word_1_15' title='bbox 663 691 909 777; x_wconf 73' lang='lat' dir='ltr'>cantabrigiensi,</span> <span class='ocrx_word' id='word_1_16' title='bbox 934 696 1049 760; x_wconf 84' lang='lat' dir='ltr'>invenit</span> 
     </span>
     <span class='ocr_line' id='line_1_4' title="bbox 95 783 1051 872; baseline 0.006 -24"><span class='ocrx_word' id='word_1_17' title='bbox 95 784 159 848; x_wconf 88' lang='lat' dir='ltr'>iae.</span> <span class='ocrx_word' id='word_1_18' title='bbox 177 783 374 862; x_wconf 84' lang='lat' dir='ltr'>Gronovius;</span> <span class='ocrx_word' id='word_1_19' title='bbox 393 785 642 870; x_wconf 81' lang='lat' dir='ltr'>quemadmodum</span> <span class='ocrx_word' id='word_1_20' title='bbox 661 784 710 848; x_wconf 90' lang='lat' dir='ltr'>ille</span> <span class='ocrx_word' id='word_1_21' title='bbox 727 786 759 848; x_wconf 89' lang='lat' dir='ltr'>in</span> <span class='ocrx_word' id='word_1_22' title='bbox 773 805 828 850; x_wconf 88' lang='lat' dir='ltr'>ota</span> <span class='ocrx_word' id='word_1_23' title='bbox 843 790 970 872; x_wconf 83' lang='lat' dir='ltr'>exempli</span> <span class='ocrx_word' id='word_1_24' title='bbox 981 787 1051 854; x_wconf 87' lang='lat' dir='ltr'>suae</span> 
     </span>
    </p>
   </div>
   <div class='ocr_carea' id='block_1_3' title="bbox 94 877 1053 1056">
    <p class='ocr_par' dir='ltr' id='par_1_3' title="bbox 94 877 1053 1056">
     <span class='ocr_line' id='line_1_5' title="bbox 94 877 1052 964; baseline 0.008 -23"><span class='ocrx_word' id='word_1_25' title='bbox 94 877 233 942; x_wconf 79' lang='lat' dir='ltr'>editionis</span> <span class='ocrx_word' id='word_1_26' title='bbox 249 877 364 959; x_wconf 91' lang='lat' dir='ltr'>Polybii</span> <span class='ocrx_word' id='word_1_27' title='bbox 383 881 556 955; x_wconf 82' lang='lat' dir='ltr'>adnotavit,</span> <span class='ocrx_word' id='word_1_28' title='bbox 570 878 653 964; x_wconf 85' lang='lat' dir='ltr'>quod</span> <span class='ocrx_word' id='word_1_29' title='bbox 669 898 707 943; x_wconf 82' lang='lat' dir='ltr'>ex</span> <span class='ocrx_word' id='word_1_30' title='bbox 718 879 905 948; x_wconf 78' lang='lat' dir='ltr'>Bibliotheca</span> <span class='ocrx_word' id='word_1_31' title='bbox 922 883 1052 951; x_wconf 81' lang='lat' dir='ltr'>Univer-</span> 
     </span>
     <span class='ocr_line' id='line_1_6' title="bbox 94 970 1053 1056; baseline 0.006 -22"><span class='ocrx_word' id='word_1_32' title='bbox 94 971 190 1036; x_wconf 86' lang='lat' dir='ltr'>litatis</span> <span class='ocrx_word' id='word_1_33' title='bbox 207 970 426 1052; x_wconf 78' lang='lat' dir='ltr'>Lugdunenfia,</span> <span class='ocrx_word' id='word_1_34' title='bbox 439 993 507 1038; x_wconf 86' lang='lat' dir='ltr'>cum</span> <span class='ocrx_word' id='word_1_35' title='bbox 520 973 639 1056; x_wconf 87' lang='lat' dir='ltr'>reliquo</span> <span class='ocrx_word' id='word_1_36' title='bbox 658 971 783 1056; x_wconf 80' lang='lat' dir='ltr'>eopioso</span> <span class='ocrx_word' id='word_1_37' title='bbox 804 974 955 1055; x_wconf 70' lang='lat' dir='ltr'>Adnotatu</span> <span class='ocrx_word' id='word_1_38' title='bbox 970 975 1053 1042; x_wconf 89' lang='lat' dir='ltr'>Gru-</span> 
     </span>
    </p>
   </div>
   <div class='ocr_carea' id='block_1_4' title="bbox 96 1063 1054 1220">
    <p class='ocr_par' dir='ltr' id='par_1_4' title="bbox 96 1063 1054 1220">
     <span class='ocr_line' id='line_1_7' title="bbox 96 1063 1054 1219; baseline 0.006 -91"><span class='ocrx_word' id='word_1_39' title='bbox 96 1064 235 1219; x_wconf 61' lang='lat' dir='ltr'>lmuriano</span> <span class='ocrx_word' id='word_1_40' title='bbox 245 1063 282 1126; x_wconf 80' lang='lat' dir='ltr'>etl</span> <span class='ocrx_word' id='word_1_41' title='bbox 292 1064 464 1147; x_wconf 85' lang='lat' dir='ltr'>Polybium,</span> <span class='ocrx_word' id='word_1_42' title='bbox 480 1066 636 1142; x_wconf 74' lang='lat' dir='ltr'>nobiscum</span> <span class='ocrx_word' id='word_1_43' title='bbox 653 1067 883 1134; x_wconf 71' lang='lat' dir='ltr'>communicavit</span> <span class='ocrx_word' id='word_1_44' title='bbox 893 1065 936 1132; x_wconf 86' lang='lat'>111.</span> <span class='ocrx_word' id='word_1_45' title='bbox 949 1065 1054 1134; x_wconf 84' lang='lat' dir='ltr'>Rubra·</span> 
     </span>
     <span class='ocr_line' id='line_1_8' title="bbox 122 1173 216 1220; baseline 0.011 -1"><span class='ocrx_word' id='word_1_46' title='bbox 122 1173 216 1220; x_wconf 87' lang='lat' dir='ltr'>entus.</span> 
     </span>
    </p>
   </div>
   <div class='ocr_carea' id='block_1_5' title="bbox 16 1247 1059 2081">
    <p class='ocr_par' dir='ltr' id='par_1_5' title="bbox 16 1247 1059 2081">
     <span class='ocr_line' id='line_1_9' title="bbox 139 1247 1055 1332; baseline 0.002 -20"><span class='ocrx_word' id='word_1_47' title='bbox 139 1248 238 1330; x_wconf 88' lang='lat' dir='ltr'>Quod</span> <span class='ocrx_word' id='word_1_48' title='bbox 256 1265 353 1312; x_wconf 88' lang='lat' dir='ltr'>autem</span> <span class='ocrx_word' id='word_1_49' title='bbox 374 1248 404 1312; x_wconf 92' lang='lat' dir='ltr'>in</span> <span class='ocrx_word' id='word_1_50' title='bbox 423 1248 526 1312; x_wconf 84' lang='lat' dir='ltr'>eodem</span> <span class='ocrx_word' id='word_1_51' title='bbox 551 1247 655 1314; x_wconf 84' lang='lat' dir='ltr'>codiee</span> <span class='ocrx_word' id='word_1_52' title='bbox 674 1263 753 1312; x_wconf 85' lang='lat' dir='ltr'>msto</span> <span class='ocrx_word' id='word_1_53' title='bbox 774 1267 829 1332; x_wconf 85' lang='lat' dir='ltr'>pro</span> <span class='ocrx_word' id='word_1_54' title='bbox 846 1248 966 1314; x_wconf 63' lang='grc' dir='ltr'>Καλύκη</span> <span class='ocrx_word' id='word_1_55' title='bbox 981 1248 1055 1314; x_wconf 85' lang='lat' dir='ltr'>leti·</span> 
     </span>
     <span class='ocr_line' id='line_1_10' title="bbox 97 1337 1054 1425; baseline 0.002 -22"><span class='ocrx_word' id='word_1_56' title='bbox 97 1357 184 1425; x_wconf 84' lang='lat' dir='ltr'>ptum</span> <span class='ocrx_word' id='word_1_57' title='bbox 196 1337 253 1404; x_wconf 82' lang='lat' dir='ltr'>else</span> <span class='ocrx_word' id='word_1_58' title='bbox 260 1339 436 1405; x_wconf 82' lang='lat' dir='ltr'>Gronovius</span> <span class='ocrx_word' id='word_1_59' title='bbox 451 1343 491 1404; x_wconf 86' lang='lat' dir='ltr'>ait</span> <span class='ocrx_word' id='word_1_60' title='bbox 501 1339 604 1404; x_wconf 64' lang='grc' dir='ltr'><strong>κωλύει</strong></span> <span class='ocrx_word' id='word_1_61' title='bbox 618 1339 671 1414; x_wconf 78' lang='lat' dir='ltr'>Pl,</span> <span class='ocrx_word' id='word_1_62' title='bbox 685 1341 712 1402; x_wconf 86' lang='lat' dir='ltr'>id</span> <span class='ocrx_word' id='word_1_63' title='bbox 729 1339 898 1404; x_wconf 87' lang='lat' dir='ltr'>sententiam</span> <span class='ocrx_word' id='word_1_64' title='bbox 916 1343 1054 1425; x_wconf 87' lang='lat' dir='ltr'>quidem,</span> 
     </span>
     <span class='ocr_line' id='line_1_11' title="bbox 98 1433 1057 1520; baseline 0.001 -22"><span class='ocrx_word' id='word_1_65' title='bbox 98 1437 226 1520; x_wconf 85' lang='lat' dir='ltr'>quaein</span> <span class='ocrx_word' id='word_1_66' title='bbox 241 1435 337 1498; x_wconf 83' lang='lat' dir='ltr'>verbo</span> <span class='ocrx_word' id='word_1_67' title='bbox 351 1433 467 1496; x_wconf 81' lang='lat' dir='ltr'>infinito</span> <span class='ocrx_word' id='word_1_68' title='bbox 483 1435 598 1520; x_wconf 71' lang='lat' dir='ltr'>antbert</span> <span class='ocrx_word' id='word_1_69' title='bbox 618 1433 883 1518; x_wconf 66' lang='lat' dir='ltr'>saepenumero,</span> <span class='ocrx_word' id='word_1_70' title='bbox 907 1437 983 1499; x_wconf 89' lang='lat' dir='ltr'>haud</span> <span class='ocrx_word' id='word_1_71' title='bbox 1000 1438 1057 1502; x_wconf 84' lang='lat' dir='ltr'>ab·</span> 
     </span>
     <span class='ocr_line' id='line_1_12' title="bbox 16 1527 1057 1618; baseline 0 -26"><span class='ocrx_word' id='word_1_72' title='bbox 16 1532 24 1544; x_wconf 90' lang='lat'>&#39;</span> <span class='ocrx_word' id='word_1_73' title='bbox 97 1529 186 1594; x_wconf 89' lang='lat' dir='ltr'>surde</span> <span class='ocrx_word' id='word_1_74' title='bbox 202 1529 354 1618; x_wconf 84' lang='lat' dir='ltr'>complet,</span> <span class='ocrx_word' id='word_1_75' title='bbox 375 1529 406 1592; x_wconf 78' lang='lat' dir='ltr'>bt</span> <span class='ocrx_word' id='word_1_76' title='bbox 426 1527 528 1612; x_wconf 82' lang='lat' dir='ltr'>perse</span> <span class='ocrx_word' id='word_1_77' title='bbox 549 1531 738 1592; x_wconf 84' lang='lat' dir='ltr'>commodum</span> <span class='ocrx_word' id='word_1_78' title='bbox 756 1531 854 1594; x_wconf 77' lang='lat' dir='ltr'>¹videti</span> <span class='ocrx_word' id='word_1_79' title='bbox 871 1547 1006 1615; x_wconf 81' lang='lat' dir='ltr'>poterat;</span> <span class='ocrx_word' id='word_1_80' title='bbox 1026 1529 1057 1594; x_wconf 90' lang='lat' dir='ltr'>ni</span> 
     </span>
     <span class='ocr_line' id='line_1_13' title="bbox 98 1619 1058 1706; baseline 0.001 -22"><span class='ocrx_word' id='word_1_81' title='bbox 98 1640 168 1694; x_wconf 82' lang='lat' dir='ltr'>tes,</span> <span class='ocrx_word' id='word_1_82' title='bbox 186 1621 224 1684; x_wconf 89' lang='lat' dir='ltr'>de</span> <span class='ocrx_word' id='word_1_83' title='bbox 243 1638 302 1704; x_wconf 81' lang='lat' dir='ltr'>qus</span> <span class='ocrx_word' id='word_1_84' title='bbox 318 1622 415 1702; x_wconf 81' lang='lat' dir='ltr'>agitur</span> <span class='ocrx_word' id='word_1_85' title='bbox 433 1621 464 1683; x_wconf 89' lang='lat' dir='ltr'>in</span> <span class='ocrx_word' id='word_1_86' title='bbox 485 1619 545 1684; x_wconf 91' lang='lat' dir='ltr'>illo.</span> <span class='ocrx_word' id='word_1_87' title='bbox 556 1619 618 1704; x_wconf 86' lang='lat' dir='ltr'>ipso</span> <span class='ocrx_word' id='word_1_88' title='bbox 638 1622 836 1706; x_wconf 77' lang='lat' dir='ltr'>Fragmento,</span> <span class='ocrx_word' id='word_1_89' title='bbox 855 1643 875 1688; x_wconf 81' lang='lat' dir='ltr'>a</span> <span class='ocrx_word' id='word_1_90' title='bbox 894 1621 984 1686; x_wconf 83' lang='lat' dir='ltr'>Sulda</span> <span class='ocrx_word' id='word_1_91' title='bbox 1005 1625 1058 1685; x_wconf 85' lang='lat' dir='ltr'>ad·</span> 
     </span>
     <span class='ocr_line' id='line_1_14' title="bbox 99 1711 1059 1797; baseline 0.002 -21"><span class='ocrx_word' id='word_1_92' title='bbox 99 1713 181 1787; x_wconf 82' lang='lat' dir='ltr'>lato,</span> <span class='ocrx_word' id='word_1_93' title='bbox 194 1711 394 1797; x_wconf 81' lang='lat' dir='ltr'>refragaretur.</span> <span class='ocrx_word' id='word_1_94' title='bbox 416 1713 535 1776; x_wconf 86' lang='lat' dir='ltr'>Scilicet</span> <span class='ocrx_word' id='word_1_95' title='bbox 545 1715 792 1795; x_wconf 86' lang='lat' dir='ltr'>quemadmodum</span> <span class='ocrx_word' id='word_1_96' title='bbox 807 1716 909 1778; x_wconf 80' lang='lat' dir='ltr'>colore</span> <span class='ocrx_word' id='word_1_97' title='bbox 922 1715 990 1796; x_wconf 89' lang='lat' dir='ltr'>liyli</span> <span class='ocrx_word' id='word_1_98' title='bbox 1003 1715 1059 1779; x_wconf 89' lang='lat' dir='ltr'>Po·</span> 
     </span>
     <span class='ocr_line' id='line_1_15' title="bbox 98 1805 1059 1894; baseline 0 -24"><span class='ocrx_word' id='word_1_99' title='bbox 98 1807 232 1888; x_wconf 89' lang='lat' dir='ltr'>lybiani,</span> <span class='ocrx_word' id='word_1_100' title='bbox 250 1807 303 1889; x_wconf 86' lang='lat' dir='ltr'>qui</span> <span class='ocrx_word' id='word_1_101' title='bbox 318 1823 355 1870; x_wconf 79' lang='lat' dir='ltr'>ex</span> <span class='ocrx_word' id='word_1_102' title='bbox 372 1807 472 1871; x_wconf 84' lang='lat' dir='ltr'>verbis</span> <span class='ocrx_word' id='word_1_103' title='bbox 487 1805 548 1870; x_wconf 82' lang='lat' dir='ltr'>istis</span> <span class='ocrx_word' id='word_1_104' title='bbox 565 1809 703 1891; x_wconf 86' lang='lat' dir='ltr'>quamvis</span> <span class='ocrx_word' id='word_1_105' title='bbox 720 1809 852 1894; x_wconf 82' lang='lat' dir='ltr'>abruptis</span> <span class='ocrx_word' id='word_1_106' title='bbox 867 1807 936 1871; x_wconf 81' lang='lat' dir='ltr'>satis</span> <span class='ocrx_word' id='word_1_107' title='bbox 957 1808 1059 1892; x_wconf 84' lang='lat' dir='ltr'>perlu-</span> 
     </span>
     <span class='ocr_line' id='line_1_16' title="bbox 100 1897 1059 1984; baseline -0.003 -20"><span class='ocrx_word' id='word_1_108' title='bbox 100 1913 168 1973; x_wconf 86' lang='lat' dir='ltr'>cet,</span> <span class='ocrx_word' id='word_1_109' title='bbox 185 1915 355 1964; x_wconf 80' lang='lat' dir='ltr'>commotus</span> <span class='ocrx_word' id='word_1_110' title='bbox 370 1897 580 1977; x_wconf 63' lang='lat' dir='ltr'>casaubonus,</span> <span class='ocrx_word' id='word_1_111' title='bbox 600 1901 766 1984; x_wconf 80' lang='lat' dir='ltr'>pariterque</span> <span class='ocrx_word' id='word_1_112' title='bbox 783 1899 934 1976; x_wconf 76' lang='lat' dir='ltr'>Valesius,</span> <span class='ocrx_word' id='word_1_113' title='bbox 946 1899 1059 1983; x_wconf 84' lang='lat' dir='ltr'>perspe-</span> 
     </span>
     <span class='ocr_line' id='line_1_17' title="bbox 101 1991 1055 2081; baseline -0.001 -23"><span class='ocrx_word' id='word_1_114' title='bbox 101 1995 150 2058; x_wconf 75' lang='lat' dir='ltr'>lle</span> <span class='ocrx_word' id='word_1_115' title='bbox 165 1991 359 2075; x_wconf 77' lang='lat' dir='ltr'>fragmentum</span> <span class='ocrx_word' id='word_1_116' title='bbox 383 1993 442 2055; x_wconf 89' lang='lat' dir='ltr'>hoc</span> <span class='ocrx_word' id='word_1_117' title='bbox 465 1995 500 2054; x_wconf 86' lang='lat' dir='ltr'>ad</span> <span class='ocrx_word' id='word_1_118' title='bbox 518 1991 674 2074; x_wconf 83' lang='lat' dir='ltr'>Polybium</span> <span class='ocrx_word' id='word_1_119' title='bbox 698 1995 849 2081; x_wconf 65' lang='lat' dir='ltr'>abbionem</span> <span class='ocrx_word' id='word_1_120' title='bbox 873 1995 1055 2057; x_wconf 81' lang='lat' dir='ltr'>retulerunt:</span> 
     </span>
    </p>
   </div>
   <div class='ocr_carea' id='block_1_6' title="bbox 102 2085 1157 2170">
    <p class='ocr_par' dir='ltr' id='par_1_6' title="bbox 102 2085 1157 2170">
     <span class='ocr_line' id='line_1_18' title="bbox 102 2085 1157 2170; baseline -0.001 -21"><span class='ocrx_word' id='word_1_121' title='bbox 102 2085 147 2150; x_wconf 86' lang='lat' dir='ltr'>stc</span> <span class='ocrx_word' id='word_1_122' title='bbox 160 2087 284 2160; x_wconf 86' lang='lat' dir='ltr'>Livius,</span> <span class='ocrx_word' id='word_1_123' title='bbox 308 2085 534 2166; x_wconf 86' lang='lat' dir='ltr'>Polybianarttm</span> <span class='ocrx_word' id='word_1_124' title='bbox 550 2085 746 2150; x_wconf 81' lang='lat' dir='ltr'>Historiarum</span> <span class='ocrx_word' id='word_1_125' title='bbox 759 2088 812 2170; x_wconf 91' lang='lat' dir='ltr'>(in</span> <span class='ocrx_word' id='word_1_126' title='bbox 825 2088 917 2150; x_wconf 87' lang='lat' dir='ltr'>rebus</span> <span class='ocrx_word' id='word_1_127' title='bbox 929 2085 1060 2166; x_wconf 84' lang='lat' dir='ltr'>praeler-</span> <span class='ocrx_word' id='word_1_128' title='bbox 1151 2149 1157 2157; x_wconf 88' lang='grc'><em>,</em></span> 
     </span>
    </p>
   </div>
   <div class='ocr_carea' id='block_1_7' title="bbox 104 2177 1059 2264">
    <p class='ocr_par' dir='ltr' id='par_1_7' title="bbox 104 2177 1059 2264">
     <span class='ocr_line' id='line_1_19' title="bbox 104 2177 1059 2264; baseline 0.003 -23"><span class='ocrx_word' id='word_1_129' title='bbox 104 2179 158 2241; x_wconf 91' lang='lat' dir='ltr'>tim</span> <span class='ocrx_word' id='word_1_130' title='bbox 179 2177 303 2262; x_wconf 77' lang='lat' dir='ltr'>Phihppi</span> <span class='ocrx_word' id='word_1_131' title='bbox 325 2177 356 2240; x_wconf 77' lang='lat' dir='ltr'>bt</span> <span class='ocrx_word' id='word_1_132' title='bbox 383 2178 543 2262; x_wconf 74' lang='lat' dir='ltr'>Antiochi)</span> <span class='ocrx_word' id='word_1_133' title='bbox 566 2195 725 2262; x_wconf 81' lang='lat' dir='ltr'>perpetuus</span> <span class='ocrx_word' id='word_1_134' title='bbox 742 2181 901 2264; x_wconf 81' lang='lat' dir='ltr'>interpres,</span> <span class='ocrx_word' id='word_1_135' title='bbox 929 2179 1059 2244; x_wconf 76' lang='lat' dir='ltr'>dederat</span> 
     </span>
    </p>
   </div>
   <div class='ocr_carea' id='block_1_8' title="bbox 104 2269 1192 2358">
    <p class='ocr_par' dir='ltr' id='par_1_8' title="bbox 104 2269 1192 2358">
     <span class='ocr_line' id='line_1_20' title="bbox 104 2269 1192 2358; baseline 0.004 -24"><span class='ocrx_word' id='word_1_136' title='bbox 104 2271 210 2346; x_wconf 86' lang='lat' dir='ltr'>nobis,</span> <span class='ocrx_word' id='word_1_137' title='bbox 231 2273 300 2354; x_wconf 89' lang='lat' dir='ltr'>quid</span> <span class='ocrx_word' id='word_1_138' title='bbox 320 2269 374 2348; x_wconf 82' lang='lat' dir='ltr'>fit,</span> <span class='ocrx_word' id='word_1_139' title='bbox 393 2271 429 2336; x_wconf 90' lang='lat' dir='ltr'>de</span> <span class='ocrx_word' id='word_1_140' title='bbox 447 2292 508 2356; x_wconf 86' lang='lat' dir='ltr'>quo</span> <span class='ocrx_word' id='word_1_141' title='bbox 524 2274 666 2356; x_wconf 81' lang='lat' dir='ltr'>agebatur</span> <span class='ocrx_word' id='word_1_142' title='bbox 682 2273 760 2358; x_wconf 84' lang='lat' dir='ltr'>apud</span> <span class='ocrx_word' id='word_1_143' title='bbox 778 2271 935 2354; x_wconf 85' lang='lat' dir='ltr'>Polybium</span> <span class='ocrx_word' id='word_1_144' title='bbox 953 2291 992 2338; x_wconf 90' lang='lat' dir='ltr'>eo</span> <span class='ocrx_word' id='word_1_145' title='bbox 1009 2275 1061 2338; x_wconf 88' lang='lat' dir='ltr'>lo·</span> <span class='ocrx_word' id='word_1_146' title='bbox 1189 2282 1192 2291; x_wconf 83' lang='grc'><strong>’</strong></span> 
     </span>
    </p>
   </div>
   <div class='ocr_carea' id='block_1_9' title="bbox 101 2363 1071 3656">
    <p class='ocr_par' dir='ltr' id='par_1_9' title="bbox 101 2363 1071 3656">
     <span class='ocr_line' id='line_1_21' title="bbox 105 2363 1061 2450; baseline 0.002 -24"><span class='ocrx_word' id='word_1_147' title='bbox 105 2381 162 2440; x_wconf 90' lang='lat' dir='ltr'>co,</span> <span class='ocrx_word' id='word_1_148' title='bbox 181 2365 260 2426; x_wconf 90' lang='lat' dir='ltr'>unde</span> <span class='ocrx_word' id='word_1_149' title='bbox 278 2363 372 2427; x_wconf 84' lang='lat' dir='ltr'>verba</span> <span class='ocrx_word' id='word_1_150' title='bbox 389 2363 440 2427; x_wconf 88' lang='lat' dir='ltr'>illa</span> <span class='ocrx_word' id='word_1_151' title='bbox 456 2363 597 2450; x_wconf 70' lang='lat' dir='ltr'>decerpstt</span> <span class='ocrx_word' id='word_1_152' title='bbox 619 2365 732 2431; x_wconf 84' lang='lat' dir='ltr'>Suidas.</span> <span class='ocrx_word' id='word_1_153' title='bbox 755 2365 847 2428; x_wconf 78' lang='lat' dir='ltr'>Multa</span> <span class='ocrx_word' id='word_1_154' title='bbox 867 2367 967 2448; x_wconf 76' lang='lat' dir='ltr'>egregia</span> <span class='ocrx_word' id='word_1_155' title='bbox 982 2369 1061 2428; x_wconf 82' lang='lat' dir='ltr'>lilto-</span> 
     </span>
     <span class='ocr_line' id='line_1_22' title="bbox 105 2456 1060 2546; baseline 0.005 -27"><span class='ocrx_word' id='word_1_156' title='bbox 105 2459 148 2520; x_wconf 81' lang='lat' dir='ltr'>clit&#39;</span> <span class='ocrx_word' id='word_1_157' title='bbox 160 2456 221 2544; x_wconf 86' lang='lat' dir='ltr'>(stc</span> <span class='ocrx_word' id='word_1_158' title='bbox 237 2459 313 2542; x_wconf 79' lang='lat' dir='ltr'>apud</span> <span class='ocrx_word' id='word_1_159' title='bbox 333 2459 449 2522; x_wconf 79' lang='lat' dir='ltr'>livium</span> <span class='ocrx_word' id='word_1_160' title='bbox 466 2461 590 2546; x_wconf 83' lang='lat' dir='ltr'>legimus</span> <span class='ocrx_word' id='word_1_161' title='bbox 607 2461 657 2523; x_wconf 92' lang='lat' dir='ltr'>lib.</span> <span class='ocrx_word' id='word_1_162' title='bbox 675 2459 822 2524; x_wconf 83' lang='lat' dir='ltr'>xxxlll.</span> <span class='ocrx_word' id='word_1_163' title='bbox 839 2481 906 2544; x_wconf 80' lang='lat' dir='ltr'>cap.</span> <span class='ocrx_word' id='word_1_164' title='bbox 922 2461 994 2544; x_wconf 80' lang='lat' dir='ltr'>eo.)</span> <span class='ocrx_word' id='word_1_165' title='bbox 1009 2461 1060 2545; x_wconf 70' lang='lat' dir='ltr'>pro</span> 
     </span>
     <span class='ocr_line' id='line_1_23' title="bbox 101 2549 1062 2637; baseline 0.005 -25"><span class='ocrx_word' id='word_1_166' title='bbox 101 2549 159 2636; x_wconf 75' lang='lat' dir='ltr'>fide</span> <span class='ocrx_word' id='word_1_167' title='bbox 176 2573 235 2634; x_wconf 79' lang='lat' dir='ltr'>erga</span> <span class='ocrx_word' id='word_1_168' title='bbox 249 2553 374 2635; x_wconf 82' lang='lat' dir='ltr'>populum</span> <span class='ocrx_word' id='word_1_169' title='bbox 391 2553 558 2626; x_wconf 82' lang='lat' dir='ltr'>Romanurn,</span> <span class='ocrx_word' id='word_1_170' title='bbox 578 2576 675 2637; x_wconf 79' lang='lat' dir='ltr'>proque</span> <span class='ocrx_word' id='word_1_171' title='bbox 686 2555 925 2635; x_wconf 71' lang='lat' dir='ltr'>univerfhmrttl&#39;ne</span> <span class='ocrx_word' id='word_1_172' title='bbox 942 2553 1062 2617; x_wconf 83' lang='lat' dir='ltr'>Graeco·</span> 
     </span>
     <span class='ocr_line' id='line_1_24' title="bbox 106 2645 1064 2729; baseline 0 -23"><span class='ocrx_word' id='word_1_173' title='bbox 106 2667 183 2718; x_wconf 83' lang='lat' dir='ltr'>tum,</span> <span class='ocrx_word' id='word_1_174' title='bbox 199 2665 264 2704; x_wconf 81' lang='lat' dir='ltr'>terra</span> <span class='ocrx_word' id='word_1_175' title='bbox 281 2645 394 2724; x_wconf 74' lang='lat' dir='ltr'>marique</span> <span class='ocrx_word' id='word_1_176' title='bbox 407 2649 465 2725; x_wconf 82' lang='lat' dir='ltr'>attfi</span> <span class='ocrx_word' id='word_1_177' title='bbox 472 2645 554 2724; x_wconf 83' lang='lat' dir='ltr'>sunt:</span> <span class='ocrx_word' id='word_1_178' title='bbox 573 2645 643 2706; x_wconf 77' lang='lat' dir='ltr'>nihil</span> <span class='ocrx_word' id='word_1_179' title='bbox 655 2645 886 2727; x_wconf 79' lang='lat' dir='ltr'>magnificentius,</span> <span class='ocrx_word' id='word_1_180' title='bbox 905 2669 982 2728; x_wconf 82' lang='lat' dir='ltr'>quant</span> <span class='ocrx_word' id='word_1_181' title='bbox 994 2649 1064 2729; x_wconf 76' lang='lat' dir='ltr'>quod</span> 
     </span>
     <span class='ocr_line' id='line_1_25' title="bbox 107 2740 1063 2822; baseline 0.004 -24"><span class='ocrx_word' id='word_1_182' title='bbox 107 2761 139 2799; x_wconf 80' lang='lat' dir='ltr'>ea</span> <span class='ocrx_word' id='word_1_183' title='bbox 156 2740 296 2822; x_wconf 82' lang='lat' dir='ltr'>tempestate</span> <span class='ocrx_word' id='word_1_184' title='bbox 305 2779 315 2808; x_wconf 93' lang='lat'>,</span> <span class='ocrx_word' id='word_1_185' title='bbox 339 2757 392 2796; x_wconf 87' lang='lat' dir='ltr'>nott</span> <span class='ocrx_word' id='word_1_186' title='bbox 407 2740 488 2798; x_wconf 82' lang='lat' dir='ltr'>territi</span> <span class='ocrx_word' id='word_1_187' title='bbox 503 2755 580 2816; x_wconf 76' lang='lat' dir='ltr'>tanta</span> <span class='ocrx_word' id='word_1_188' title='bbox 601 2740 668 2800; x_wconf 85' lang='lat' dir='ltr'>mole</span> <span class='ocrx_word' id='word_1_189' title='bbox 683 2741 841 2801; x_wconf 81' lang='lat' dir='ltr'>immittentis</span> <span class='ocrx_word' id='word_1_190' title='bbox 859 2740 919 2800; x_wconf 75' lang='lat' dir='ltr'>belli</span> <span class='ocrx_word' id='word_1_191' title='bbox 925 2785 938 2813; x_wconf 90' lang='lat'>,</span> <span class='ocrx_word' id='word_1_192' title='bbox 963 2741 1063 2822; x_wconf 79' lang='lat' dir='ltr'>lagaros</span> 
     </span>
     <span class='ocr_line' id='line_1_26' title="bbox 107 2827 1063 2914; baseline -0.002 -20"><span class='ocrx_word' id='word_1_193' title='bbox 107 2835 147 2894; x_wconf 78' lang='lat' dir='ltr'>ad</span> <span class='ocrx_word' id='word_1_194' title='bbox 164 2851 241 2914; x_wconf 77' lang='lat' dir='ltr'>regern</span> <span class='ocrx_word' id='word_1_195' title='bbox 266 2827 487 2914; x_wconf 77' lang='lat' dir='ltr'>[Antiochum]</span> <span class='ocrx_word' id='word_1_196' title='bbox 509 2831 628 2912; x_wconf 81' lang='lat' dir='ltr'>miserunt</span> <span class='ocrx_word' id='word_1_197' title='bbox 650 2831 817 2914; x_wconf 77' lang='lat' dir='ltr'>Nephtlt&#39;da:</span> <span class='ocrx_word' id='word_1_198' title='bbox 839 2829 854 2912; x_wconf 92' lang='lat'>(</span> <span class='ocrx_word' id='word_1_199' title='bbox 860 2831 1063 2913; x_wconf 76' lang='lat' dir='ltr'>promontorium</span> 
     </span>
     <span class='ocr_line' id='line_1_27' title="bbox 112 2920 1063 3008; baseline -0.007 -21"><span class='ocrx_word' id='word_1_200' title='bbox 112 2927 223 2988; x_wconf 76' lang='lat' dir='ltr'>Ciliciae</span> <span class='ocrx_word' id='word_1_201' title='bbox 242 2920 315 3008; x_wconf 70' lang='lat' dir='ltr'>rsit)</span> <span class='ocrx_word' id='word_1_202' title='bbox 327 2926 358 3004; x_wconf 87' lang='lat' dir='ltr'><em>fi</em></span> <span class='ocrx_word' id='word_1_203' title='bbox 374 2945 403 2984; x_wconf 86' lang='lat' dir='ltr'>to</span> <span class='ocrx_word' id='word_1_204' title='bbox 422 2947 474 2985; x_wconf 83' lang='lat' dir='ltr'>nen</span> <span class='ocrx_word' id='word_1_205' title='bbox 495 2924 633 2985; x_wconf 72' lang='grc' dir='ltr'>εοηιὶηινα</span> <span class='ocrx_word' id='word_1_206' title='bbox 652 2923 741 3005; x_wconf 80' lang='lat' dir='ltr'>coplas</span> <span class='ocrx_word' id='word_1_207' title='bbox 755 2923 842 3004; x_wconf 83' lang='lat' dir='ltr'>suas,</span> <span class='ocrx_word' id='word_1_208' title='bbox 866 2937 905 2982; x_wconf 72' lang='lat' dir='ltr'>se</span> <span class='ocrx_word' id='word_1_209' title='bbox 924 2937 1063 2982; x_wconf 70' lang='lat' dir='ltr'>otmar</span> 
     </span>
     <span class='ocr_line' id='line_1_28' title="bbox 111 3019 1065 3090; baseline -0.005 -11"><span class='ocrx_word' id='word_1_210' title='bbox 111 3035 259 3090; x_wconf 68' lang='grc' dir='ltr'>ιτυκοες</span> <span class='ocrx_word' id='word_1_211' title='bbox 276 3033 348 3077; x_wconf 75' lang='lat' dir='ltr'>nott</span> <span class='ocrx_word' id='word_1_212' title='bbox 368 3033 415 3075; x_wconf 73' lang='lat' dir='ltr'>‚ss</span> <span class='ocrx_word' id='word_1_213' title='bbox 429 3029 513 3076; x_wconf 81' lang='lat' dir='ltr'>ooto</span> <span class='ocrx_word' id='word_1_214' title='bbox 536 3029 641 3087; x_wconf 76' lang='lat' dir='ltr'>vrso,</span> <span class='ocrx_word' id='word_1_215' title='bbox 658 3031 722 3074; x_wconf 77' lang='lat' dir='ltr'>sno</span> <span class='ocrx_word' id='word_1_216' title='bbox 736 3031 782 3074; x_wconf 76' lang='lat' dir='ltr'>tta</span> <span class='ocrx_word' id='word_1_217' title='bbox 800 3028 975 3076; x_wconf 68' lang='lat' dir='ltr'>contutant</span> <span class='ocrx_word' id='word_1_218' title='bbox 991 3019 1065 3074; x_wconf 72' lang='lat' dir='ltr'>nunt</span> 
     </span>
     <span class='ocr_line' id='line_1_29' title="bbox 111 3105 1066 3178; baseline -0.009 -6"><span class='ocrx_word' id='word_1_219' title='bbox 111 3107 280 3172; x_wconf 72' lang='lat' dir='ltr'>Parrum</span> <span class='ocrx_word' id='word_1_220' title='bbox 300 3122 547 3178; x_wconf 69' lang='lat' dir='ltr'>strumum,</span> <span class='ocrx_word' id='word_1_221' title='bbox 571 3123 616 3167; x_wconf 77' lang='lat' dir='ltr'>st</span> <span class='ocrx_word' id='word_1_222' title='bbox 636 3122 886 3168; x_wconf 76' lang='lat' dir='ltr'>suaeutmsnro</span> <span class='ocrx_word' id='word_1_223' title='bbox 905 3120 981 3165; x_wconf 82' lang='lat' dir='ltr'>esse</span> <span class='ocrx_word' id='word_1_224' title='bbox 1000 3105 1066 3164; x_wconf 86' lang='lat' dir='ltr'>Ro-</span> 
     </span>
     <span class='ocr_line' id='line_1_30' title="bbox 113 3183 1068 3279; baseline -0.003 -15"><span class='ocrx_word' id='word_1_225' title='bbox 113 3183 224 3264; x_wconf 57' lang='lat' dir='ltr'>marm</span> <span class='ocrx_word' id='word_1_226' title='bbox 251 3215 510 3263; x_wconf 69' lang='lat' dir='ltr'>atsannmrtsus</span> <span class='ocrx_word' id='word_1_227' title='bbox 538 3197 733 3263; x_wconf 70' lang='lat' dir='ltr'>umacus.</span> <span class='ocrx_word' id='word_1_228' title='bbox 765 3197 888 3279; x_wconf 88' lang='lat' dir='ltr'>Quibus</span> <span class='ocrx_word' id='word_1_229' title='bbox 908 3217 945 3260; x_wconf 85' lang='lat' dir='ltr'>ex</span> <span class='ocrx_word' id='word_1_230' title='bbox 968 3197 1068 3261; x_wconf 85' lang='lat' dir='ltr'>verbis</span> 
     </span>
     <span class='ocr_line' id='line_1_31' title="bbox 114 3291 1068 3380; baseline -0.004 -20"><span class='ocrx_word' id='word_1_231' title='bbox 114 3295 241 3360; x_wconf 84' lang='lat' dir='ltr'>Romani</span> <span class='ocrx_word' id='word_1_232' title='bbox 267 3293 438 3380; x_wconf 75' lang='lat' dir='ltr'>scriptoris,</span> <span class='ocrx_word' id='word_1_233' title='bbox 462 3291 484 3354; x_wconf 87' lang='lat' dir='ltr'>li</span> <span class='ocrx_word' id='word_1_234' title='bbox 508 3293 624 3374; x_wconf 84' lang='lat' dir='ltr'>quiden</span> <span class='ocrx_word' id='word_1_235' title='bbox 650 3311 686 3356; x_wconf 87' lang='lat' dir='ltr'>ea</span> <span class='ocrx_word' id='word_1_236' title='bbox 709 3311 778 3356; x_wconf 85' lang='lat' dir='ltr'>cunt</span> <span class='ocrx_word' id='word_1_237' title='bbox 804 3293 867 3356; x_wconf 86' lang='lat' dir='ltr'>aliis</span> <span class='ocrx_word' id='word_1_238' title='bbox 889 3291 1068 3375; x_wconf 86' lang='lat' dir='ltr'>Polybisnae</span> 
     </span>
     <span class='ocr_line' id='line_1_32' title="bbox 115 3383 1069 3472; baseline -0.005 -19"><span class='ocrx_word' id='word_1_239' title='bbox 115 3390 260 3453; x_wconf 85' lang='lat' dir='ltr'>Historiae</span> <span class='ocrx_word' id='word_1_240' title='bbox 282 3389 425 3472; x_wconf 84' lang='lat' dir='ltr'>Reliquiis</span> <span class='ocrx_word' id='word_1_241' title='bbox 445 3383 654 3460; x_wconf 82' lang='lat' dir='ltr'>conferamus,</span> <span class='ocrx_word' id='word_1_242' title='bbox 680 3386 870 3467; x_wconf 82' lang='lat' dir='ltr'>intelligitur,</span> <span class='ocrx_word' id='word_1_243' title='bbox 896 3388 926 3448; x_wconf 89' lang='lat' dir='ltr'>in</span> <span class='ocrx_word' id='word_1_244' title='bbox 951 3387 1069 3448; x_wconf 64' lang='lat' dir='ltr'>desino</span> 
     </span>
     <span class='ocr_line' id='line_1_33' title="bbox 118 3475 1069 3565; baseline -0.009 -19"><span class='ocrx_word' id='word_1_245' title='bbox 118 3482 228 3547; x_wconf 65' lang='lat' dir='ltr'>obsto</span> <span class='ocrx_word' id='word_1_246' title='bbox 245 3481 360 3565; x_wconf 89' lang='lat' dir='ltr'>Polybii</span> <span class='ocrx_word' id='word_1_247' title='bbox 374 3482 464 3554; x_wconf 89' lang='lat' dir='ltr'>libro,</span> <span class='ocrx_word' id='word_1_248' title='bbox 482 3481 572 3563; x_wconf 88' lang='lat' dir='ltr'>paulo</span> <span class='ocrx_word' id='word_1_249' title='bbox 582 3496 650 3541; x_wconf 80' lang='lat' dir='ltr'>ante</span> <span class='ocrx_word' id='word_1_250' title='bbox 662 3496 696 3541; x_wconf 89' lang='lat' dir='ltr'>ea</span> <span class='ocrx_word' id='word_1_251' title='bbox 708 3497 785 3561; x_wconf 86' lang='lat' dir='ltr'>quae</span> <span class='ocrx_word' id='word_1_252' title='bbox 800 3478 829 3540; x_wconf 89' lang='lat' dir='ltr'>in</span> <span class='ocrx_word' id='word_1_253' title='bbox 845 3477 991 3559; x_wconf 75' lang='lat' dir='ltr'>Excetpth</span> <span class='ocrx_word' id='word_1_254' title='bbox 1001 3475 1069 3538; x_wconf 89' lang='lat' dir='ltr'>Pei·</span> 
     </span>
     <span class='ocr_line' id='line_1_34' title="bbox 116 3567 1071 3656; baseline -0.006 -16"><span class='ocrx_word' id='word_1_255' title='bbox 116 3575 248 3641; x_wconf 82' lang='lat' dir='ltr'>relcianis</span> <span class='ocrx_word' id='word_1_256' title='bbox 264 3578 300 3641; x_wconf 85' lang='lat' dir='ltr'>tle</span> <span class='ocrx_word' id='word_1_257' title='bbox 322 3577 408 3639; x_wconf 93' lang='lat' dir='ltr'>obitu</span> <span class='ocrx_word' id='word_1_258' title='bbox 432 3577 462 3638; x_wconf 80' lang='lat' dir='ltr'>bt</span> <span class='ocrx_word' id='word_1_259' title='bbox 478 3577 513 3636; x_wconf 90' lang='lat' dir='ltr'>de</span> <span class='ocrx_word' id='word_1_260' title='bbox 533 3573 667 3636; x_wconf 83' lang='lat' dir='ltr'>laudibus</span> <span class='ocrx_word' id='word_1_261' title='bbox 677 3573 770 3636; x_wconf 78' lang='lat' dir='ltr'>Attali</span> <span class='ocrx_word' id='word_1_262' title='bbox 794 3571 946 3656; x_wconf 82' lang='lat' dir='ltr'>leguntur,</span> <span class='ocrx_word' id='word_1_263' title='bbox 960 3571 1005 3656; x_wconf 81' lang='lat' dir='ltr'>p)</span> <span class='ocrx_word' id='word_1_264' title='bbox 1024 3567 1071 3634; x_wconf 80' lang='lat' dir='ltr'>se-</span> 
     </span>
    </p>
   </div>
   <div class='ocr_carea' id='block_1_10' title="bbox 133 3729 1071 3882">
    <p class='ocr_par' dir='ltr' id='par_1_10' title="bbox 133 3729 1071 3882">
     <span class='ocr_line' id='line_1_35' title="bbox 133 3729 1071 3810; baseline -0.006 -19"><span class='ocrx_word' id='word_1_265' title='bbox 133 3740 162 3810; x_wconf 77' lang='lat' dir='ltr'>p)</span> <span class='ocrx_word' id='word_1_266' title='bbox 179 3737 298 3808; x_wconf 76' lang='lat' dir='ltr'>Excerpe.</span> <span class='ocrx_word' id='word_1_267' title='bbox 307 3735 339 3790; x_wconf 85' lang='lat' dir='ltr'>tle</span> <span class='ocrx_word' id='word_1_268' title='bbox 349 3735 418 3790; x_wconf 81' lang='lat' dir='ltr'>Vim·</span> <span class='ocrx_word' id='word_1_269' title='bbox 428 3733 540 3790; x_wconf 78' lang='lat' dir='ltr'>&amp;vitiis</span> <span class='ocrx_word' id='word_1_270' title='bbox 553 3749 585 3786; x_wconf 79' lang='lat' dir='ltr'>ex</span> <span class='ocrx_word' id='word_1_271' title='bbox 595 3733 656 3786; x_wconf 76' lang='lat' dir='ltr'>edit·</span> <span class='ocrx_word' id='word_1_272' title='bbox 666 3731 758 3786; x_wconf 77' lang='lat' dir='ltr'>valerii</span> <span class='ocrx_word' id='word_1_273' title='bbox 769 3749 825 3804; x_wconf 74' lang='lat' dir='ltr'>pag.</span> <span class='ocrx_word' id='word_1_274' title='bbox 839 3747 893 3785; x_wconf 87' lang='lat' dir='ltr'>tot.</span> <span class='ocrx_word' id='word_1_275' title='bbox 910 3729 978 3785; x_wconf 71' lang='lat' dir='ltr'>suit.</span> <span class='ocrx_word' id='word_1_276' title='bbox 987 3730 1071 3785; x_wconf 74' lang='lat' dir='ltr'>Gron-</span> 
     </span>
     <span class='ocr_line' id='line_1_36' title="bbox 181 3806 1071 3882; baseline -0.006 -16"><span class='ocrx_word' id='word_1_277' title='bbox 181 3815 256 3867; x_wconf 85' lang='lat' dir='ltr'>Toot.</span> <span class='ocrx_word' id='word_1_278' title='bbox 270 3815 302 3867; x_wconf 87' lang='lat' dir='ltr'>ll.</span> <span class='ocrx_word' id='word_1_279' title='bbox 315 3832 341 3882; x_wconf 79' lang='lat' dir='ltr'>p.</span> <span class='ocrx_word' id='word_1_280' title='bbox 355 3815 428 3878; x_wconf 80' lang='lat'>1428·</span> <span class='ocrx_word' id='word_1_281' title='bbox 448 3811 514 3867; x_wconf 76' lang='lat' dir='ltr'>salt.</span> <span class='ocrx_word' id='word_1_282' title='bbox 531 3811 591 3865; x_wconf 79' lang='lat' dir='ltr'>Etn.</span> <span class='ocrx_word' id='word_1_283' title='bbox 605 3811 679 3863; x_wconf 86' lang='lat' dir='ltr'>Tum.</span> <span class='ocrx_word' id='word_1_284' title='bbox 698 3809 746 3864; x_wconf 89' lang='lat' dir='ltr'>lll.</span> <span class='ocrx_word' id='word_1_285' title='bbox 764 3828 791 3879; x_wconf 77' lang='lat' dir='ltr'>p·</span> <span class='ocrx_word' id='word_1_286' title='bbox 810 3811 853 3866; x_wconf 80' lang='lat' dir='ltr'>so.</span> <span class='ocrx_word' id='word_1_287' title='bbox 875 3808 967 3864; x_wconf 62' lang='lat' dir='ltr'>mum</span> <span class='ocrx_word' id='word_1_288' title='bbox 980 3806 1071 3862; x_wconf 76' lang='lat' dir='ltr'>litim</span> 
     </span>
    </p>
   </div>
   <div class='ocr_carea' id='block_1_11' title="bbox 180 3889 759 3965">
    <p class='ocr_par' dir='ltr' id='par_1_11' title="bbox 180 3889 759 3965">
     <span class='ocr_line' id='line_1_37' title="bbox 180 3889 759 3965; baseline -0.007 -19"><span class='ocrx_word' id='word_1_289' title='bbox 180 3892 340 3965; x_wconf 71' lang='lat' dir='ltr'>perseqttitut</span> <span class='ocrx_word' id='word_1_290' title='bbox 349 3893 437 3954; x_wconf 82' lang='lat' dir='ltr'>eorlem</span> <span class='ocrx_word' id='word_1_291' title='bbox 448 3889 759 3958; x_wconf 63' lang='lat' dir='ltr'>libaollllxlllmpas.</span> 
     </span>
    </p>
   </div>
   <div class='ocr_carea' id='block_1_12' title="bbox 0 0 1380 4730">
    <p class='ocr_par' dir='ltr' id='par_1_12' title="bbox 0 0 1380 4730">
     <span class='ocr_line' id='line_1_38' title="bbox 0 0 1380 4730; baseline 0 0"><span class='ocrx_word' id='word_1_292' title='bbox 0 0 1380 4730; x_wconf 95' lang='lat' dir='ltr'> </span> 
     </span>
    </p>
   </div>
  </div>
 </body>
</html>
