2662 4742
185 339 949 420 conronttnuncocutttom.
1017 361 1059 444 ⁶7

91 485 126 550 tir
137 485 324 550 iudicamus:
340 485 389 550 sed
409 489 544 552 cuiusvis
559 491 708 574 qualitatis
725 492 863 558 sensibilis
879 501 977 581 perse
996 501 1057 586 spe.

92 579 164 642 elata
183 583 344 664 perceptio
364 599 425 645 non
443 581 550 646 sufficit
568 586 606 646 ad
626 605 737 670 corpus
750 589 843 652 ullum
865 609 1019 660 externum
1038 619 1056 662 a

92 673 192 734 nostro
212 691 350 755 corpore
372 671 627 758 distinguendum
652 677 809 760 siquidem
832 687 1056 768 perceptionem

91 765 254 847 quamlibet
265 768 444 850 singularem
462 787 524 833 non
539 789 622 833 extra
636 772 768 837 noslrum
782 793 909 860 corpus,
919 778 1055 848 sed'intra

90 857 157 920 illud
177 861 211 920 dt
229 879 322 940 penes
337 879 395 924 not
412 860 491 946 ipsos
510 865 687 947 experimur.
1105 871 1114 880 “

129 954 278 1020 xxxm.
300 955 415 1034 mn,
432 960 549 1038 mm
565 959 723 1044 quatinus
738 961 1056 1050 tenntrtqtonntero
1094 949 1098 956 ’

90 1065 241 1134 tamquam
259 1056 362 1118 varias
376 1057 551 1138 perceptiones
570 1072 661 1140 atque
679 1055 814 1120 sensuum
838 1063 1055 1128 commotiones

91 1151 175 1210 rene
183 1151 362 1230 pertinentes,
385 1169 475 1234 atque
489 1170 540 1234 per
557 1153 641 1216 varia
660 1149 757 1215 sensus
771 1153 979 1234 instrumenta,
994 1159 1057 1226 five

93 1241 192 1318 fimul,
203 1241 269 1307 stre
285 1244 465 1323 successive,
481 1245 757 1322 meliorationum
773 1247 874 1311 omnia
891 1249 959 1314 sctis
972 1253 1057 1334 plana

93 1333 149 1398 srnt
162 1351 256 1421 atque
266 1337 431 1421 perspicua.
460 1337 607 1421 Siquidem
624 1339 749 1422 quilibet
767 1341 834 1424 ipso
849 1341 928 1406 sensu
942 1363 1057 1426 cogno·
1108 1383 1110 1390 ·

94 1429 144 1496 scit
160 1431 208 1509 id,
225 1433 311 1516 quod
324 1431 420 1496 sentit.
449 1434 497 1496 At
515 1453 604 1517 quam
623 1433 889 1498 considerationem
903 1457 995 1520 quum
1012 1459 1059 1504 ac·

95 1527 290 1610 cedat,quod
309 1545 374 1591 non
386 1527 480 1591 solum
498 1527 553 1611 (ut
573 1526 657 1610 supra
676 1528 823 1606 vidimus,
837 1548 865 1590 n.
879 1529 985 1613 xlx.)
1010 1533 1059 1594 in-

96 1639 141 1685 ter
161 1643 271 1688 eorum
287 1623 440 1706 complura
456 1641 532 1705 quae
551 1621 679 1686 sensibus
694 1623 866 1706 experimur
883 1625 1057 1691 relationem

95 1715 219 1799 aliquam
243 1717 312 1781 satis
327 1717 532 1794 constantem,
557 1717 656 1800 quoad
679 1717 917 1781 coniunclionem
938 1719 1057 1784 illorum

95 1825 147 1872 aut
156 1809 421 1886 consecutionem,
451 1810 594 1872 adnotare
622 1811 727 1885 liceat;
754 1814 971 1874 verumetiam
993 1817 1058 1879 vim

95 1907 250 1986 quamdam
269 1903 508 1988 sentiatquitque
519 1901 571 1964 stbi
582 1901 725 1984 tributam
736 1901 767 1965 dt
783 1903 975 1986 potestatem,
988 1927 1059 1972 cor·

95 1999 172 2080 potis
184 1998 228 2063 sui
241 2000 330 2063 situm
348 1998 368 2062 s.
383 1998 482 2062 locunt
501 1998 584 2062 varie
604 2015 660 2081 pro
674 1996 770 2060 lubitu
791 1997 946 2076 mutandi,
966 2019 1056 2084 atque

96 2094 182 2164 variis
195 2095 335 2177 corporis
349 2093 392 2156 sui
406 2093 564 2166 membris,
584 2107 735 2171 tamquam
748 2089 871 2152 totidem
888 2091 1057 2157 inllrumen-

96 2183 147 2261 tia‚
160 2187 250 2250 vario
268 2203 360 2268 atque
374 2186 461 2248 vario
475 2184 565 2247 modo
586 2183 706 2258 utendi;
727 2201 787 2266 qua
806 2184 949 2266 potellate
967 2187 1057 2252 effici·

95 2293 157 2354 tur,
178 2293 212 2342 ut
226 2299 244 2340 a
262 2279 352 2342 nobis
362 2279 491 2361 quodam
510 2278 601 2342 modo
620 2276 763 2357 pendeat,
778 2275 848 2358 quid
864 2278 1053 2364 iamiamque

95 2372 141 2434 vel
153 2374 226 2457 quid
240 2373 383 2456 deinceps
396 2369 487 2434 simus
504 2373 673 2456 experturi,
689 2385 780 2452 atque
801 2387 835 2434 ut
854 2369 932 2456 leges
953 2376 1056 2440 iliaca

95 2483 200 2532 natura
215 2468 362 2532 stabilitae
376 2468 412 2546 ad
425 2465 523 2530 nolira
538 2467 600 2530 stve
612 2467 770 2529 commoda
787 2466 848 2530 five
862 2469 1054 2534 incommoda

95 2579 111 2622 a
128 2564 214 2627 nobis
228 2561 368 2628 converti
380 2560 504 2646 posfint:
525 2563 596 2624 baec
607 2610 616 2639 ,
629 2562 769 2644 inquam,
786 2579 855 2624 cum
872 2564 906 2624 ad
924 2564 1054 2647 priorem

95 2655 169 2720 illam
195 2659 460 2724 eonfiderationem
488 2659 649 2733 accedant;
675 2659 734 2720 iam
756 2657 909 2742 profesto,
934 2679 992 2724 ram
1017 2663 1054 2728 ad
1165 2677 1171 2692 ¹

96 2749 181 2832 ipsam
201 2753 407 2836 cognitionem
434 2752 670 2836 praeclarisfima,
701 2769 790 2834 quam
809 2753 848 2814 ad
867 2753 955 2816 buius
975 2756 1056 2816 vitae

95 2841 178 2904 usum
194 2859 288 2925 atque
297 2843 412 2908 cultum
430 2844 575 2907 tuendum
594 2844 722 2905 maxime
734 2839 888 2905 necessaria
904 2843 996 2905 videri
1010 2843 1057 2904 tle·

96 2933 146 2998 bct
160 2936 311 3020 diligentia
326 2939 484 3002 hominum
502 2936 736 3019 perspicacium‚
750 2937 804 3019 qui
824 2933 923 2998 affiuui
939 2935 1006 2998 sunt
1025 2939 1057 2997 in

95 3029 151 3092 illia
168 3031 281 3114 legibus
301 3051 320 3096 a
340 3050 446 3096 natura
464 3031 616 3105 stabilitis,
636 3029 738 3112 quoad
756 3028 997 3092 coniunflionem
1016 3044 1059 3090 at·
1110 3049 1113 3056 ¹

96 3139 157 3202 que
173 3123 417 3188 consecutionem
435 3139 541 3186 eorum
559 3139 636 3202 quae
656 3121 812 3182 bominum
825 3118 919 3181 sensus
934 3137 1058 3184 movere

97 3209 208 3293 solent,
227 3217 367 3282 adeunte
387 3213 575 3297 indagandis,
594 3213 626 3274 δι
641 3213 693 3296 qui
707 3211 859 3274 bocetiam
876 3211 1057 3298 potiffimum

96 3305 237 3372 adnotare
252 3309 388 3384 sludent,
408 3306 480 3391 quid
491 3307 521 3368 in
534 3304 645 3388 quovis
660 3301 813 3388 proposito
822 3303 890 3370 casu
911 3309 1057 3392 agendum

96 3399 147 3476 sir,
167 3403 262 3485 qualis
284 3404 396 3468 virium
414 3401 584 3466 nollrarum
605 3401 773 3485 requiratur
786 3401 858 3468 usus
878 3405 909 3468 dt
927 3407 1057 3488 adplica-

99 3496 159 3574 lio‚
179 3517 216 3564 ut
237 3519 306 3564 eam
322 3500 510 3583 experiamur
533 3499 756 3582 perceptionum
782 3496 948 3560 nostrarum
968 3513 1059 3580 atque

95 3589 194 3657 sensus
211 3595 454 3659 commotionum
476 3591 596 3667 seriem,
614 3589 738 3674 quaesit
751 3589 880 3653 consiliis
896 3605 985 3672 atque
1001 3608 1060 3653 vo·

95 3685 131 3750 tis
147 3686 258 3755 nodrir
276 3689 403 3754 maxime
417 3683 630 3750 consentanea.

132 3779 281 3876 XXXIV.
309 3785 423 3850 Contra
440 3781 492 3852 ubi
510 3781 683 3864 quaeritur,
701 3777 829 3862 qra'tlngc
839 3780 956 3860 fintltar
968 3779 1057 3864 quali-
