2474 4988
132 703 188 769 ¹9²
232 665 568 740 'EMENDATIONES
591 663 646 732 ET
667 663 1017 737 obstavanonrs

129 820 197 883 dem
215 817 310 881 redire
331 815 491 897 videtum)
509 831 571 878 non
590 832 649 876 tam
667 815 847 889 sambucam,
867 814 1087 880 instrumentum

128 913 292 987 muscum,
313 930 403 994 quam
427 911 660 992 sambucistrian,
686 928 763 992 quae
781 908 877 990 pulsat
904 911 1087 988 sambucam,

128 1021 164 1068 ut
183 1001 332 1086 perspedle
358 1003 431 1065 vidit
452 1002 665 1076 Casaubnnus‚
690 1003 836 1067 denotare
860 999 1086 1067 consentaneum

129 1097 182 1163 esi.
203 1097 282 1160 Cum
300 1115 363 1179 quo
379 1097 538 1172 convenit,
556 1098 637 1179 quod
651 1097 729 1180 apud
746 1096 883 1162 Plautum
899 1099 1043 1165 iustitio
1055 1101 1088 1166 lc·

128 1186 474 1274 gimusnet.11.Se.2.
494 1209 524 1254 u.
546 1189 583 1268 5⁶
598 1187 641 1271 sq,
725 1228 728 1233 -

211 1313 248 1329 -
274 1313 309 1330 -
330 1313 372 1330 -
392 1282 594 1363 -fidicinas,
613 1280 754 1357 tibicinas,

205 1377 398 1456 sambucas
414 1377 525 1437 advexit
536 1378 623 1457 secum
637 1376 730 1455 fiuntd
745 1375 855 1440 eximiii.
878 1408 899 1426 ·
918 1408 939 1428 ·

129 1468 207 1531 Nam
226 1468 307 1548 quod
325 1470 503 1530 sambucinae
519 1468 561 1529 ibi
580 1469 675 1550 vulgo
696 1470 810 1543 editur,
841 1470 871 1533 id
887 1485 995 1534 contra
1010 1486 1088 1534 vete-

27 1590 30 1596 ·
129 1580 196 1623 rum
218 1558 385 1621 Editionum
396 1560 428 1621 dr
440 1577 544 1622 contra
554 1557 699 1624 Codicum
716 1558 987 1641 manuscriptorum
1001 1568 1089 1644 (quo-

130 1656 166 1716 ad
185 1654 302 1736 quidem
315 1651 424 1737 selam)
440 1651 529 1717 sidem
548 1653 591 1718 est
608 1654 729 1719 sadum.
760 1655 911 1719 Metti-ne
930 1658 1008 1720 ratio
1026 1677 1089 1719 mu·

130 1752 274 1812 tationem
293 1747 444 1813 eiusmodi
465 1749 614 1833 requirat,
643 1770 712 1816 cum
733 1775 752 1814 u
770 1752 802 1816 in
818 1755 955 1816 Smnbm
972 1753 1089 1836 longum

130 1841 189 1908 esse
208 1842 320 1907 conllet
339 1864 376 1906 ex
389 1842 476 1907 Persii
490 1866 521 1907 v.
538 1864 588 1930 95.
606 1843 706 1925 Satyr.
724 1844 767 1908 V.

209 1938 366 2000 Sambueam
383 1936 461 1998 citius
479 1937 566 2000 caloni
584 1939 717 2022 aptaveris
734 1938 811 2000 alto:

131 2029 328 2096 definiendum
350 2029 410 2094 illis
429 2028 639 2112 relinquimus,
657 2030 766 2114 quibua
781 2029 951 2094 Plautinum
967 2047 1088 2094 metrum

131 2127 241 2210 magis,
257 2144 348 2207 quam
359 2124 461 2200 nobit,
477 2124 661 2206 exploratum
679 2123 730 2186 est.
758 2121 857 2186 Nobis
867 2125 985 2207 quidem
1001 2123 1090 2207 ipsum

132 2236 258 2280 metrum
277 2217 366 2280 etiam
385 2217 528 2278 sambucas
543 2215 673 2297 flagitare
691 2217 821 2297 ridetur.
839 2215 980 2279 Eamdem
997 2236 1091 2280 autem

131 2329 262 2376 veterem
272 2311 460 2390 scripturam,
472 2311 530 2373 iam
541 2313 649 2390 pridem
659 2300 829 2375 defenderat
839 2309 1000 2390 loh.Bapt.
1015 2311 1091 2386 Pius,

131 2403 163 2463 in
186 2402 439 2465 Annotationibus
468 2400 684 2482 posterioribus
707 2421 771 2481 cap.
793 2419 821 2479 3.
843 2400 948 2464 Tomo
967 2402 993 2464 l.
1012 2401 1092 2465 The·

132 2493 210 2572 sauri
227 2494 332 2557 Cririci
347 2495 410 2557 lani
425 2494 545 2558 Gruteri
564 2515 631 2578 pag.
650 2515 716 2578 393.
734 2495 765 2557 dt
781 2495 941 2560 Marcellus
955 2496 1092 2560 Donatus

132 2588 169 2647 ad
181 2585 256 2648 livii
272 2586 321 2650 lib.
334 2587 478 2649 XXXIX.
494 2589 522 2651 6.
538 2589 569 2650 in
587 2589 696 2652 eudem
705 2588 797 2653 Thes.
812 2589 928 2655 Critieo
940 2589 1091 2655 Tomlll.

132 2681 210 2744 Part.
225 2679 263 2742 11.
280 2699 344 2762 pag.
364 2679 414 2759 78.
430 2678 489 2762 [⁴]

199 2836 320 2900 eabula,i
338 2836 466 2900 σαμβύκη,
480 2837 505 2890 &
519 2836 529 2887 ὅ
552 2839 594 2891 vel
608 2838 620 2890 l
636 2836 734 2907 σίμβυξ
742 2879 749 2904 ,
768 2857 834 2909 quae
844 2842 1015 2906 infimarenrum
1026 2842 1095 2914 figni-

195 2913 317 2975 ficabant,
337 2932 382 2984 per
403 2914 581 2984 metonymiam
609 2916 732 2969 interdum
750 2919 780 2970 de
801 2919 833 2972 iis
852 2920 929 2970 etiam
955 2922 1096 2979 homnibus,

197 2999 237 3065 qui
251 2996 419 3060 instrumentum
432 2997 582 3065 pulsabant,
604 2996 677 3050 fuisse
698 2996 824 3066 usurpata.
854 3001 984 3052 Simillimi
998 3002 1095 3071 quidem

198 3074 445 3128 rationevernaculo
452 3076 525 3128 etiam
535 3076 662 3138 sermone,
673 3078 746 3130 verbi
756 3075 855 3143 causis,
867 3098 904 3129 un
920 3081 979 3133 bon
993 3083 1094 3132 violer

200 3155 321 3221 dicimus,
333 3173 390 3209 eum
402 3157 514 3224 bominem
523 3156 707 3226 intelligentes,
721 3163 760 3228 qui
768 3161 931 3224 instrumento,
946 3163 988 3212 cui
997 3163 1096 3230 proprie

199 3234 224 3286 id
239 3253 347 3297 nornen,
360 3237 422 3303 seire
432 3237 574 3305 solemque
592 3239 692 3305 tritum]

40 3369 44 3379 ¹
150 3314 183 3382 [*
200 3314 241 3365 De
252 3314 409 3367 Graecorum
422 3314 482 3379 usu,
500 3315 568 3384 quod
581 3315 611 3366 ad
624 3314 794 3384 quantitatem
808 3316 917 3384 syllabae
933 3317 964 3376 βυ
977 3317 1004 3370 in
1017 3336 1094 3370 voca·

201 3395 268 3446 bulis
285 3396 422 3463 dequibus
440 3396 580 3463 quaerimus
598 3395 710 3460 adtinet,
730 3397 798 3449 haud
815 3396 876 3450 satis
890 3398 1014 3453 constat..
1028 3401 1098 3467 Apud

199 3474 374 3538 Athenaeum,
394 3475 442 3530 tv.
464 3490 521 3542 175·
543 3476 569 3526 d.
592 3475 709 3530 habemus
730 3478 833 3546 quidqu
855 3478 958 3552 versum
978 3478 1098 3533 senarium

200 3554 374 3619 Philemonis,

361 3635 389 3687 oti
411 3638 439 3700 γ’
459 3628 511 3688 addi
536 3631 732 3704 cepssuxirrptar.
751 3666 765 3680 ·
782 3667 796 3680 ·
814 3664 829 3679 ·

202 3720 241 3772 Ex
258 3735 310 3786 quo
330 3730 427 3780 tamen,
449 3720 568 3786 quoniam
585 3718 678 3787 syllaba
698 3721 728 3779 βυ
749 3720 775 3770 in
797 3720 876 3772 tertia
892 3720 988 3773 versus
1007 3721 1099 3772 iambici

200 3798 257 3850 sede
272 3796 352 3866 posita
369 3796 419 3858 etl,
440 3797 482 3847 ubi
502 3798 605 3864 perinde
624 3797 650 3849 dt
669 3797 779 3865 spondeo
799 3798 857 3866 pedi
876 3798 903 3850 dt
925 3799 1010 3851 iambo
1032 3803 1098 3853 locus

200 3893 272 3939 crat,
291 3878 322 3929 de
338 3878 477 3945 quantitate
494 3878 565 3931 illius
584 3876 694 3949 syllabae
712 3878 817 3928 iudicari
836 3895 890 3930 non
907 3880 1004 3946 potest.
1032 3879 1099 3948 Apud

201 3959 313 4010 eumdem
322 3959 498 4019 Athenaeum,
513 3959 585 4012 XlV.
594 3959 653 4026 636.
664 3960 688 4009 b.
699 3957 824 4023 σεμβύω
834 3959 862 4009 in
875 3960 1043 4014 nominativo
1053 3963 1102 4028 plu·

201 4037 246 4087 rali
263 4053 388 4102 penaeute
404 4038 532 4090 scribitur:
552 4056 615 4107 quae
632 4039 650 4090 st
668 4056 729 4090 vera
747 4038 891 4107 scriptura,
912 4059 968 4092 uon
987 4041 1101 4110 produtlt

202 4112 294 4180 syllaba
310 4114 356 4178 βυ,
377 4115 419 4169 sed
435 4131 552 4188 correpta
565 4118 673 4188 intelligi
684 4118 795 4171 debebit.
811 4120 952 4176 Caeterum
962 4120 1038 4176 facile
1048 4121 1103 4172 mibi
