2662 4742
288 457 329 524 70
490 438 562 504 ιι
589 435 836 504 cntnton
864 433 1053 503 neuun

289 588 388 652 secum
401 587 527 672 repetit,
544 607 577 651 ur
588 585 803 678 recognoscet,
819 585 951 670 quidfile'
969 605 1021 667 per
1041 597 1140 650 tonant
1158 581 1251 648 vilem
1314 673 1315 680 ἵ

288 685 447 758 occiderim
470 686 496 746 is
518 704 570 765 per
595 701 692 747 torum
717 684 776 748 ltoc
795 683 947 765 negotium
968 679 1073 756 sentit,
1098 679 1253 762 intellgir,
1314 685 1315 696 ¹

286 793 377 882 etque
391 776 561 857 cognoscit,
571 777 620 857 se,
639 779 689 858 qui
712 776 882 838 ltodiehaec
899 773 1030 850 recolet,
1046 772 1104 836 else
1117 775 1252 845 eudem,

162 861 167 868 ’
286 869 413 932 cuinnre
431 872 488 933 ltos
504 870 621 961 triginta
636 866 714 930 sorte
729 887 824 932 annos
839 869 897 930 tale
917 865 985 948 quid
1001 866 1140 929 acciderit
1158 865 1213 931 &
1205 885 1253 926 tn-

286 959 372 1024 linita
390 962 467 1024 alia
460 982 570 1024 tnteree
589 965 732 1047 temporis
746 964 921 1036 acciderint·
939 959 1182 1044 seesseeuudea.
1198 961 1253 1042 qui

286 1052 356 1115 olim
370 1057 512 1134 parvulus
525 1075 603 1132 etat,
623 1059 687 1118 dem
702 1054 805 1120 sensim
823 1055 1004 1128 adoleverit,
1021 1073 1099 1117 nune
1110 1053 1253 1116 viriliae·

286 1161 346 1210 late
362 1147 773 1231 llorenr.1ntelligit,seesse
789 1151 921 1223 eumden,
939 1147 993 1231 qtti
1004 1149 1079 1210 intra
1092 1163 1140 1209 ιοι
1157 1165 1252 1208 anno·

284 1258 350 1302 rum
365 1239 517 1320 spatium
510 1259 677 1304 tnnumeras
697 1240 902 1303 vicissitudines
920 1259 1018 1304 rerum
1033 1237 1067 1300 sit
1087 1254 1248 1318 expertus3

284 1336 416 1408 andem,
442 1337 529 1398 cuius
550 1355 661 1416 corpus
680 1353 751 1398 ante
769 1336 826 1404 hos
846 1333 964 1416 triginta
985 1333 1037 1395 vel
1056 1331 1249 1440 quadraginta

284 1447 381 1491 annos
397 1429 476 1492 sorte
496 1431 547 1493 vix
561 1430 654 1494 ullum
670 1449 710 1492 ex
728 1429 774 1492 ltir
791 1428 894 1492 iisdem
915 1429 1071 1492 elementis
1091 1428 1249 1510 corporeis

284 1524 473 1602 continebat,
498 1525 606 1608 quibus
624 1522 856 1600 hodieeonsset3
875 1527 1006 1598 eundem,
1022 1524 1074 1605 qui
1091 1523 1228 1586 hodie'
1198 1543 1248 1586 tn·

283 1635 331 1678 rer
338 1620 396 1700 fili
411 1619 536 1682 tributas
550 1617 634 1682 sentit
651 1619 682 1680 dt
702 1619 755 1682 usu
774 1634 865 1702 etque
875 1635 1087 1681 exercitatione
1096 1617 1247 1694 excttltrts,

283 1731 410 1794 quarum
428 1713 535 1776 virium
555 1713 625 1775 olim
649 1731 686 1776 ne
705 1715 858 1776 notionem
878 1713 998 1794 quidem
1019 1711 1109 1772 ullam
1133 1710 1248 1773 hebue-

282 1817 349 1877 ret,
371 1803 514 1886 denique,
524 1805 575 1887 se,
595 1807 647 1886 qui
663 1805 753 1868 hodie
767 1803 844 1866 sorte
861 1803 948 1866 etiem
959 1804 1061 1886 quoad
1073 1804 1177 1866 omnia
1195 1804 1249 1864 vi·

284 1911 333 1960 ιιι
348 1895 468 1960 constlie
483 1899 565 1981 quest
585 1917 750 1962 renovatus
766 1897 884 1985 denliur
900 1897 991 1960 ltomo
1002 1895 1062 1973 est,
1078 1913 1178 1960 temen
1188 1892 1248 1956 else

282 1993 418 2066 eumdem,
437 1993 490 2073 qui
504 1991 594 2056 suerit
604 2011 640 2054 ex
652 1995 736 2054 omni
748 1992 799 2054 illo
819 2009 954 2074 tempore
965 1990 1147 2076 praeterito,
1160 1989 1247 2052 cuiun

283 2085 456 2148 memoriam
470 2085 564 2148 secum
581 2088 717 2150 recolere
740 2085 838 2166 pollit.
1308 2140 1312 2149 ,

323 2175 404 2238 XLI.
420 2175 472 2238 llle
486 2199 552 2258 ego,
573 2197 663 2259 quem
682 2178 816 2262 intelligit
827 2179 953 2264 quicque
972 2199 1040 2243 cum
1057 2179 1094 2241 de
1099 2176 1132 2259 se
1148 2176 1247 2259 loqui·

281 2285 350 2343 tut,
367 2287 457 2350 quem
476 2267 562 2332 sentit
575 2273 701 2354 quicque
719 2269 777 2334 else
793 2293 845 2355 per
856 2289 905 2336 ιοι
925 2291 961 2336 ac
979 2287 1075 2335 tantae
1086 2269 1246 2350 repum‚sc

282 2361 420 2447 proxime
446 2364 648 2444 tangentium,
670 2363 878 2428 viciliitudinen
903 2364 1015 2446 semper
1035 2370 1172 2441 eumdem
1198 2364 1245 2426 ille

281 2473 346 2538 ego,
365 2455 451 2518 cuius
463 2453 532 2519 sunt
550 2455 620 2520 illae
636 2457 860 2540 perceptiones,
880 2457 950 2522 illae
962 2459 1182 2542 cogitationes,
1193 2455 1245 2522 ida

282 2545 425 2625 eonffln,
443 2547 510 2612 illae
525 2553 626 2626 vitee;
646 2551 696 2614 ille
708 2573 774 2634 ego,
788 2573 877 2637 quem
890 2551 946 2616 nis
958 2553 1082 2636 quisque
1096 2571 1168 2632 pne
1181 2571 1246 2615 om-

281 2640 370 2704 nibus
381 2641 469 2706 rebus
482 2645 637 2725 cognitum
654 2644 790 2720 heberet,
802 2665 963 2729 numquam
975 2647 1169 2728 intelligeret,
1179 2643 1245 2706 inas

214 2769 225 2784 ·
282 2737 511 2819 perceptiones,
525 2739 742 2822 cogitationes,
757 2738 892 2816 confilin,
906 2742 1003 2812 vires,
1018 2739 1076 2804 else
1084 2742 1151 2822 suar
1166 2741 1197 2804 dt
1207 2741 1245 2802 ul

273 2829 487 2912 sepertinere,
509 2835 614 2914 pertint
633 2835 722 2894 etiam
745 2835 777 2896 δι
799 2835 929 2916 quodem
953 2833 1045 2897 modo
1062 2833 1127 2916 afi
1148 2832 1243 2916 prost-

279 2922 367 2998 cisci;
390 2923 460 2988 illud
477 2927 618 3008 subiturae
642 2930 778 2992 omnium
803 2929 909 2993 harum
931 2927 1131 2993 edseffionunt
1153 2948 1243 3012 etque

280 3019 450 3098 assionum,
459 3023 604 3102 [millum
621 3021 734 3102 semper
751 3043 833 3082 ιιιιιι
845 3023 878 3088 dr
890 3023 1053 3105 mditisen,
1069 3042 1108 3086 ex
1124 3042 1189 3106 quo
1202 3023 1243 3086 se·

278 3113 338 3176 mel
368 3113 420 3178 fibi
449 3116 635 3180 innotescere
662 3116 783 3199 eoepit;
812 3119 965 3200 adeoque,
986 3117 1047 3180 hoc
1072 3117 1175 3182 saltem
1196 3117 1243 3179 in·

277 3207 361 3272 tuitu
370 3209 654 3292 ,fimpliciffimum,
668 3229 721 3294 pet
732 3229 836 3288 omnes
853 3211 1061 3276 viciffitudiner
1079 3213 1178 3276 stabile
1194 3230 1243 3276 ar·

279 3302 506 3382 queconflans·
498 3307 663 3386 ,subudum
683 3305 753 3370 illud
772 3305 813 3368 ell
832 3306 861 3368 id
884 3302 1002 3388 ipsum,
1018 3305 1103 3392 quod
1125 3326 1240 3372 utens

277 3397 394 3460 uminis
407 3411 544 3462 voerntt.
1255 3455 1258 3463 .

318 3489 412 3554 xltl.
432 3487 601 3577 Siquidem
616 3494 777 3574 sustantia
801 3495 923 3559 nontlne
946 3493 1117 3578 Philosophi
1138 3499 1240 3564 dicunt

275 3571 437 3650 subied'ttm
451 3588 573 3672 aliquod
585 3588 980 3673 linbilentquepermnnens‚
994 3595 1235 3669 unumdeidem,

276 3679 313 3741 ed
325 3681 406 3764 quod
419 3701 513 3745 unum
534 3685 616 3746 vatia
627 3703 680 3759 ee,
707 3701 783 3766 quae
797 3681 941 3748 accidentia
955 3685 976 3746 s.
991 3690 1062 3748 modi
1079 3685 1101 3749 s.
1117 3690 1240 3768 qualite·

276 3793 315 3837 us
330 3791 496 3852 vocantur,
514 3780 696 3861 pertineant,
721 3779 764 3841 ita
781 3797 814 3841 ιιι
827 3779 900 3842 haec
915 3779 1059 3841 euidentia
1070 3798 1132 3842 non
1150 3783 1253 3844 intel-¹

276 3865 406 3954 ligantur
423 3889 490 3952 quo
502 3871 588 3954 podio
604 3876 717 3958 eefislere
732 3871 860 3958 poffint,
881 3870 933 3936 nisi
951 3870 990 3935 ad
1007 3871 1102 3962 ipsam
1112 3873 1241 3940 subdan-
