2664 4732
285 400 344 468 rho
651 403 877 470 Mones

315 603 339 684 §.
361 601 417 666 IX.
440 602 623 686 Responderur
637 603 691 678 iis,
713 603 762 686 qui
776 603 909 665 Socratem
930 603 1064 688 obscoerrt'r
1082 605 1216 692 indusfiffi

159 709 163 718 ’
287 701 291 710 ’
604 697 789 779 voluptatum
807 695 940 778 accusant.

319 814 528 902 Quamobrem
551 815 623 880 mihi
648 817 680 878 in
702 815 831 883 animum
861 815 992 882 Sonam
1018 818 1147 884 intuenti
1169 814 1246 886 nihil

277 914 371 995 magis
387 910 545 974 dolendum
560 909 709 986 occurrit,
730 930 819 994 quam
838 909 925 989 illud,
947 913 1030 994 quod
1048 916 1172 996 virum,
1188 919 1244 1002 qui

276 1023 312 1070 ut
323 1019 437 1082 martyr
449 1002 571 1064 virtutis
579 1019 707 1064 mortem
717 999 872 1086 oppetiisse
882 1001 1043 1070 existimari
1055 1007 1243 1088 dehet,cum

275 1095 416 1186 peffimae
429 1113 517 1160 notae
530 1095 704 1160 mulieribus
716 1093 917 1172 consuevisse,
937 1099 1010 1180 quin
1028 1102 1120 1166 etiam
1132 1103 1242 1170 foedae

274 1188 471 1278 paedmasliae
487 1187 596 1272 flagitio
611 1187 744 1251 dedirunt
762 1185 863 1268 fuisse,
885 1189 995 1256 multos
1010 1195 1184 1260 calumniari
1193 1201 1243 1263 vi.

273 1285 372 1348 dmm.
396 1281 493 1367 Quod
509 1281 634 1365 priorem
649 1279 728 1358 illam
744 1279 960 1346 accusationem
977 1283 1109 1365 adtinet,
1126 1289 1239 1370 viden,

273 1375 313 1440 ab
332 1359 390 1450 iis,
408 1375 461 1456 qui
479 1373 569 1437 huius
590 1373 657 1436 virii
668 1371 824 1437 Socratem
846 1392 933 1438 reum
950 1395 1061 1460 agunt,
1083 1383 1181 1468 vulgo
1202 1387 1240 1452 ad

272 1470 473 1552 colloquium,
489 1469 572 1552 quod
588 1469 620 1530 in
637 1469 848 1552 Xenophontis
858 1469 1104 1540 Memorabilihus
1118 1476 1239 1562 legitur,

272 1585 345 1632 cum
373 1565 527 1628 meretrice
550 1560 712 1626 Theodora
737 1562 917 1638 hahitum,¹
944 1569 1106 1647 provocari
1131 1567 1238 1636 solere.

150 1661 158 1678 “
272 1661 339 1744 Ego
356 1680 430 1722 vero
450 1657 567 1735 nescio,
586 1679 647 1743 qua
664 1677 696 1722 re
713 1659 787 1722 moti
806 1658 877 1724 illud
895 1677 1002 1726 eruere
1026 1661 1097 1728 hinc
1118 1683 1239 1728 mnen-

271 1770 339 1817 rur:
356 1754 429 1837 quin
447 1753 548 1836 potius
570 1748 738 1834 persuasum
760 1749 877 1827 haheo,
899 1749 1003 1834 stquis
1019 1753 1056 1814 ad
1074 1753 1237 1838 legendum

143 1879 146 1888 ι
271 1843 352 1908 hunc
368 1843 516 1924 dialogum
529 1886 538 1916 ‚
552 1841 725 1923 priusquam
739 1839 798 1924 ipse
809 1839 919 1923 aliquid
936 1839 1070 1905 nouem
1081 1888 1091 1919 ,
1103 1848 1238 1924 accedat,

271 1952 401 2017 eumque
413 1933 538 1998 sludiose
553 1933 700 2016 perlegat,
710 1929 773 1994 heri
786 1951 848 1994 non
860 1927 956 2014 posse,
969 1933 1040 2014 quin
1051 1951 1091 1996 ex
1102 1935 1162 2018 ipsa
1176 1937 1238 2000 dia.

112 2043 117 2056 ·
148 2093 152 2098 ,
270 2030 335 2110 logi
353 2027 498 2090 struilura
517 2029 694 2108 rationeque
709 2024 885 2109 cognoscar,
907 2024 1142 2112 haudquaquam
1160 2050 1237 2095 atres

269 2123 454 2186 meretricias
473 2121 588 2186 mulieri
611 2120 654 2182 ilii
677 2118 752 2184 serio
774 2119 889 2183 tradere
909 2117 1063 2186 Socratem
1082 2122 1113 2184 in
1134 2126 1236 2190 animo

269 2212 418 2289 hahuisse,
445 2232 553 2277 verum
573 2213 686 2276 ironiae
704 2211 764 2275 sale
780 2211 935 2278 conditum
957 2207 1016 2276 esse
1032 2231 1154 2278 omnem
1170 2220 1238 2283 eius

266 2307 411 2375 sermonis
433 2307 590 2370 habitum:
612 2307 695 2388 quod
714 2306 847 2391 inprimis
866 2307 898 2370 in
918 2305 1002 2370 exitu
1023 2307 1173 2392 colloquii
1199 2312 1236 2378 sit

268 2401 476 2480 manifestum,
506 2401 576 2477 uhi,
605 2399 725 2464 ahiehis
752 2401 884 2466 mulieris
905 2403 1059 2483 precihus,
1088 2423 1237 2490 enoeptu·

267 2515 335 2560 rum
348 2496 379 2559 se
398 2513 464 2558 eam
487 2493 569 2580 apud
591 2493 636 2572 se,
659 2493 713 2557 nist
734 2495 862 2558 cariores
884 2495 940 2557 fihi
960 2497 1110 2562 adfuerint
1130 2503 1237 2573 amici,

163 2620 168 2628 ·
267 2589 422 2654 discedens
438 2587 479 2652 illi
499 2588 671 2670 pollicetur.
688 2587 718 2650 Si
734 2589 787 2670 qui
808 2605 882 2652 vero
905 2587 991 2665 sunt,
1007 2589 1105 2672 quiid
1119 2593 1234 2676 ipsum,

266 2685 349 2768 quod
368 2704 437 2754 cunt
457 2683 647 2748 familiaribus
670 2681 731 2748 suis
754 2681 844 2746 scorti
864 2683 985 2746 domum
1011 2682 1140 2765 adierit,
1154 2691 1252 2754 vitio·

147 2799 154 2848 ·.
267 2797 388 2848 rmtere
407 2780 522 2844 Socrati
540 2780 654 2856 velint3
676 2777 829 2860 cogitent,
855 2777 885 2838 in
902 2796 937 2840 ea
953 2777 1029 2840 urhe
1049 2781 1081 2844 dt
1095 2775 1139 2848 eis
1157 2796 1234 2850 tem·

265 2877 394 2960 poribus
404 2873 508 2940 vixisse
525 2873 740 2958 Philosophum
754 2869 907 2947 nostrum,
922 2871 1029 2954 quihus
1040 2893 1109 2940 mor
1121 2877 1170 2941 hic
1180 2880 1234 2942 oh·

263 2971 372 3048 tinuit,
389 2987 423 3034 ut
446 2971 592 3045 iuvenes,
613 2967 633 3031 fi
654 2965 807 3050 peregrina
826 2965 959 3027 Athenas
981 2965 1148 3031 advenisset
1165 2991 1235 3034 mu-

263 3061 334 3139 lier‚
345 3061 383 3126 nd
393 3081 458 3125 eam
472 3059 654 3144 speflandam
674 3058 769 3140 vulgo
781 3057 974 3120 considerent.
997 3057 1105 3140 Quare
1119 3061 1231 3130 laudari

264 3161 366 3242 potius
383 3157 513 3244 provida
531 3155 665 3220 Socratis
680 3173 753 3218 cura
770 3155 873 3227 deber,
891 3155 944 3236 qui
962 3173 1023 3219 nnn
1036 3155 1117 3222 solos
1137 3163 1233 3246 perse

264 3253 344 3314 adire
355 3249 536 3328 foeminam,
561 3249 792 3315 euiusnrormt
809 3250 840 3312 dr
854 3267 933 3316 artes
949 3251 1022 3316 mire
1035 3254 1231 3334 iahahaornr,

262 3343 389 3406 iuvenes
402 3343 473 3408 suos
491 3343 605 3406 amicos
616 3342 712 3424 passus
725 3343 778 3418 sit;
796 3341 844 3404 sed
862 3343 1007 3407 lubricum
1027 3345 1055 3406 in
1074 3345 1192 3424 locum,
1213 3369 1231 3412 a

260 3455 396 3520 quonon
407 3436 597 3498 abstenturos
609 3437 899 3512 noverat,comitati
919 3437 980 3521 ipse
998 3441 1151 3516 maluerim
1166 3463 1229 3526 quo

262 3529 324 3593 suis
339 3529 523 3593 sermonibus
533 3529 646 3592 rubore
660 3529 741 3590 illam
752 3529 946 3612 perfundere,
964 3533 1021 3596 hos
1032 3551 1111 3598 vero
1121 3535 1160 3597 ah
1170 3537 1229 3600 oh·

261 3621 375 3686 scoeno
393 3623 578 3686 meretricum
592 3619 645 3684 usn
659 3621 825 3700 decertem
857 3624 988 3708 denique
1005 3643 1112 3690 omnes
1134 3647 1229 3712 quor-

262 3731 340 3796 quot
350 3715 483 3780 ·adessent
495 3717 532 3780 ad
552 3715 708 3781 meliorem
722 3716 802 3784 viam
823 3735 971 3784 revocare
986 3720 1183 3788 adniteretur.

298 3853 404 3908 ahsa.
420 3854 488 3912 Soet.
502 3857 550 3912 lll.
565 3875 606 3918 rr.
644 3823 648 3842 ι
